3294 5054
495 462 539 511 DE
559 461 785 512 ORDlNATIONE
805 461 1023 514 aucupamur
1128 499 1132 510 ,
1269 459 1321 512 405

244 607 278 668 t⁰
298 603 332 669 S.
356 604 408 668 Pii
427 601 457 667 V
476 602 569 668 bulla
595 603 768 668 Romanus
787 605 947 691 pontisera
971 627 1164 688 sacrorum,
1188 605 1228 668 u
1251 611 1317 669 oct.

199 717 284 785 1568
298 722 318 782 ¹.
337 717 501 806 Tempore
521 717 622 804 hujus
641 717 822 806 pontiliciS,
846 718 945 784 multi
961 717 1074 784 olenci
1094 719 1135 782 in*
1148 718 1321 783 communi

197 831 371 914 vivebant,
394 855 487 897 more
507 831 740 919 Regularium,
757 831 852 898 nulla
871 840 964 914 vota,
986 840 1044 898 aut
1059 833 1225 920 simplicia
1245 841 1321 897 tan-

197 953 270 1011 tum
290 946 501 1028 emittenteS,
524 952 558 1011 et
582 945 820 1026 nihilominus,
842 945 961 1028 titulo,
983 953 1043 1011 aut
1061 946 1192 1033 potius,
1217 953 1256 1011 ut
1274 945 1321 1010 ait

199 1053 280 1126 Pius
295 1061 336 1141 V,
354 1068 524 1147 praetcrctu
542 1059 726 1146 religionis,
748 1059 792 1125 ad
811 1059 947 1126 ordines
967 1083 1080 1126 sacros
1099 1059 1142 1125 ab
1161 1060 1321 1148 episcopo

196 1173 501 1262 promovebantur3
528 1172 619 1238 unde
643 1173 864 1262 contingebat
886 1181 925 1238 ut
948 1174 1004 1239 vel
1028 1174 1171 1262 egressi,
1194 1174 1249 1238 vel
1270 1173 1321 1238 di-

197 1289 309 1370 missi,
336 1296 370 1355 et
398 1289 491 1354 omni
523 1311 600 1380 ope·
617 1287 789 1368 destituti,
826 1288 1018 1354 mendicare
1056 1295 1114 1354 aut
1148 1287 1321 1353 sordidum

197 1426 352 1469 exercere
372 1409 540 1491 quaestum
560 1409 771 1490 cogerentur.
795 1402 851 1467 Ad
870 1402 1076 1468 obviandum
1097 1410 1193 1468 tanto
1212 1402 1319 1484 mala,

197 1517 233 1583 S.
257 1516 339 1582 Pius
357 1517 387 1580 V
407 1515 560 1581 extendit
585 1515 629 1581 ad
656 1515 719 1580 hos
739 1539 857 1582 omnes
882 1517 1023 1582 clericos
1043 1540 1109 1582 non
1128 1517 1323 1582 solemniter

192 1635 367 1716 professos
382 1631 554 1696 decretum
575 1629 709 1694 concilii
724 1630 831 1711 Trid.,
854 1653 927 1718 cap.
947 1631 1035 1696 Cum
1055 1653 1121 1695 non
1140 1632 1265 1716 deceat,
1287 1629 1320 1712 2,

197 1767 281 1810 sess.
305 1743 399 1825 XXI,
425 1744 475 1808 Du
496 1759 582 1825 nun,
604 1744 726 1832 inquo
747 1743 945 1825 concilium,
967 1744 1112 1832 loquens
1131 1744 1172 1810 de
1192 1743 1323 1809 clericis

197 1857 434 1940 saecularibus,
453 1856 552 1944 jubet
574 1864 613 1923 ut
631 1857 749 1922 nullus
769 1857 811 1922 ad
833 1881 948 1922 sacros
967 1859 1103 1924 ordines
1122 1881 1322 1946 promovea-

196 1980 252 2037 tur
271 1971 401 2060 absque
420 1971 523 2037 titulo
542 1972 710 2057 beneficii,
727 1973 930 2057 patrimonii
950 1979 1009 2037 aut
1023 1973 1216 2058 pensionis,
1233 1973 1323 2038 unde

197 2085 318 2150 titulus
340 2085 514 2172 religionis
533 2107 593 2150 seu
607 2086 823 2171 paupertatis
842 2092 1035 2150 reservatus
1055 2085 1119 2152 fuit
1142 2086 1224 2150 solis
1244 2086 1324 2152 reli-

197 2199 302 2286 giosis
328 2199 494 2286 professio
528 2201 734 2284 solemniter,
768 2201 938 2289 ceterique
976 2223 1095 2266 omncs
1132 2202 1324 2289 promoveri

198 2336 266 2377 non
286 2321 470 2402 potueruut
491 2313 555 2378 nisi
575 2313 619 2379 ad
637 2336 744 2379 unum
768 2338 809 2379 cx
834 2314 942 2380 tribus
967 2314 1067 2378 dictis
1091 2314 1212 2381 titulis.
1241 2315 1323 2394 Quae

196 2427 252 2491 lex
285 2427 395 2492 adhuc
420 2427 530 2514 viget,
554 2427 622 2491 imo
646 2429 842 2492 confirmata
875 2427 937 2492 tuit
965 2428 999 2492 in
1029 2429 1164 2493 decreto
1183 2429 1320 2512 Auctis,

197 2541 314 2606 lnov.
340 2541 493 2621 189211.
518 2542 570 2606 1².

240 2656 277 2718 20
293 2655 344 2719 Pii
366 2654 411 2719 lx
425 2654 518 2719 bulla
536 2655 738 2740 Apostolicae
751 2656 859 2738 Sedis,
879 2657 928 2722 Du
945 2678 1218 2740 srsrmsromnrs,
1234 2682 1269 2724 n.
1288 2660 1319 2741 t,

196 2770 230 2834 in
250 2769 385 2856 quasic
412 2770 595 2836 statuitur:
625 2796 641 2828 «
664 2768 930 2855 Suspensionem
955 2793 1160 2858 perannum
1180 2795 1198 2836 a
1218 2772 1322 2836 colla-

195 2883 287 2947 tione
314 2883 471 2947 ordinum
498 2883 571 2969 ipso
587 2881 663 2969 jure
685 2883 845 2961 incurrit,
867 2883 941 2970 qui,
964 2892 1105 2972 excepto
1132 2907 1212 2950 casu
1236 2886 1322 2973 legi-

194 2997 269 3061 timi
298 2997 484 3084 privilegii,
506 2973 659 3060 ordinem
687 3019 822 3062 sacrum
849 2998 1047 3078 contulerit,
1069 2998 1197 3087 ab'sque
1220 2999 1321 3064 titulo

195 3109 348 3174 beneficii
381 3109 435 3174 vel
469 3110 681 3197 patrimonii,
707 3110 829 3175 clerico
854 3111 889 3174 in
918 3112 1032 3200 aliqua
1057 3115 1320 3200 congregatione

193 3224 334 3303 viventi,
350 3224 383 3288 in
403 3247 470 3312 qua
491 3224 653 3288 solemnis
667 3224 833 3312 professio
852 3247 921 3290 non
941 3226 1120 3306 emittitur,
1142 3228 1195 3292 vel
1216 3229 1319 3294 ctiam

195 3338 350 3423 religioso
389 3339 539 3402 nondum
568 3342 736 3424 professo.
769 3367 785 3399 »
826 3339 915 3426 Ergo
954 3341 1074 3405 titulus
1109 3347 1318 3430 paupertatis

194 3455 385 3513 reservatus
407 3455 460 3513 est
482 3448 565 3513 solis
586 3449 754 3535 religiosis
773 3451 955 3535 professis,
977 3473 1098 3538 nempe
1122 3452 1318 3518 solemniter

188 3563 364 3647 professis.
389 3561 579 3649 Excipitur,
603 3583 644 3626 ex
663 3561 737 3650 ipso
758 3569 870 3644 textu,
893 3585 991 3628 casus
1013 3565 1156 3648 tepitimi
1175 3569 1315 3651 privile-

190 3677 251 3760 pii.
273 3676 401 3764 dequo
421 3675 547 3740 statim.

224 3877 231 3909 ¹
250 3877 320 3927 Butt.
333 3878 416 3936 Rom,
434 3881 454 3928 t.
471 3893 506 3936 ιν,
522 3881 592 3941 pert.
608 3884 631 3936 3,
647 3893 674 3941 p.
691 3882 728 3927 to.

220 3959 315 4005 Ἀσίη
329 3957 355 4004 S.
371 3955 459 4012 Sedis,
480 3959 498 4005 t.
515 3971 575 4012 xxv,
593 3973 618 4019 p.
635 3962 693 4010 312,
713 3959 754 4005 vel
775 3959 808 4005 od
828 3959 929 4006 calcem
952 3959 1031 4022 hujus
1049 3963 1206 4017 voluminis,
1228 3963 1314 4012 Doru-

191 4038 309 4083 mentum
325 4035 371 4083 IV.
