3290 5060
322 451 355 504 88
589 454 632 504 DE
651 453 790 505 LEGlBUS
809 454 924 505 SACRAE
943 452 1181 504 ORDINATIONIS

322 603 429 686 pater,
452 603 604 684 tempore
627 581 817 666 nativitatis
837 597 914 678 lilii,
935 595 1058 663 habeat
1080 597 1148 661 duo
1171 595 1314 685 aequalia
1339 596 1449 662 domi-
1516 651 1520 658 .

323 709 399 775 cilia
427 710 462 775 in
487 710 631 775 diversis
656 710 875 794 dioecesibuS,
902 733 971 776 non
997 711 1073 776 ideo
1099 710 1166 777 duo
1193 719 1274 776 sunt
1299 709 1448 798 episcopi

310 825 463 911 originis
493 823 626 914 (quoad
657 825 906 891 ordinationem
940 825 1039 913 filii),
1073 825 1133 890 sed
1170 848 1259 890 unus
1296 831 1446 892 tantum.

324 961 445 1027 nempe
466 938 645 1027 episcopus
664 939 758 1004 illius
778 939 956 1022 domicilii,
979 940 1013 1004 in
1036 961 1104 1026 quo
1125 962 1238 1004 revera
1259 939 1353 1024 filius
1372 961 1449 1003 nor-

325 1053 461 1118 maliter
483 1053 656 1136 nescitum·
676 1053 801 1119 dehoc
825 1054 916 1118 enim
935 1053 1125 1136 domicilio,
1147 1061 1182 1118 et
1207 1054 1249 1118 de
1275 1052 1338 1117 hoo
1359 1053 1447 1134 solo,

323 1189 403 1232 vera
422 1174 504 1233 sunt
522 1165 626 1233 verba
645 1166 747 1234 bullae
765 1167 1000 1254 Speculatores
1020 1167 1057 1255 (o
1074 1167 1274 1233 naturaliter
1289 1173 1383 1232 ortus
1398 1173 1451 1230 est

323 1283 358 1347 in
378 1305 417 1348 ea
437 1281 576 1347 dioecesi
597 1281 650 1369 »);
672 1305 769 1369 ergo,
791 1287 830 1346 ut
854 1281 941 1364 dixi,
968 1281 1147 1371 episcopus
1170 1281 1311 1368 originis
1334 1303 1451 1346 essen-

323 1395 451 1461 tialiter
475 1418 564 1460 unus
589 1402 661 1478 est,
692 1403 727 1462 et
755 1395 897 1484 proinde
928 1395 963 1461 in
989 1419 1070 1462 casu
1097 1396 1288 1484 proposito,
1314 1395 1450 1484 quando

323 1509 445 1598 'nempe
464 1510 673 1576 ordinandus
693 1511 728 1574 in
747 1509 863 1598 aliqua
882 1509 1018 1576 dioecesi
1033 1517 1133 1576 natus
1149 1517 1202 1577 est
1215 1534 1257 1576 ex
1270 1510 1449 1580 accidenti.

324 1633 358 1690 et
377 1632 485 1714 pater,
507 1633 660 1712 tempore
680 1624 782 1712 hujus
801 1624 1009 1705 nativitatis,
1030 1624 1150 1690 habuit
1173 1624 1240 1689 duo
1264 1623 1448 1702 domicilia,

323 1740 413 1804 tilius
439 1762 508 1804 non
532 1738 636 1803 habet
660 1739 726 1804 nisi
749 1761 857 1804 unum
880 1737 1078 1827 episcopum
1104 1739 1261 1825 originis,
1290 1737 1450 1802 nimirum

323 1855 522 1941 episcopum
541 1852 644 1940 hujus
671 1853 853 1936 domicilii,
875 1853 910 1917 in
935 1877 1002 1941 quo
1022 1853 1112 1918 filius
1132 1853 1331 1918 normaliter
1350 1859 1451 1916 natus

323 1991 397 2032 csse
417 1967 645 2056 praesumitur,
668 1991 746 2049 seu,
766 1975 806 2032 ut
824 1967 912 2049 dixi,
934 1966 1026 2055 quod
1045 1967 1287 2055 correspondet
1306 1967 1450 2054 tempori

323 2081 527 2147 nativitatis.

368 2195 404 2262 6⁰
428 2194 571 2274 Quando
598 2195 808 2261 ordinandus
834 2195 869 2260 in
896 2195 1010 2285 aliqua
1035 2195 1174 2262 dioecesi
1201 2203 1302 2261 natus
1331 2203 1382 2259 est
1410 2217 1452 2258 ox

315 2309 498 2392 *accidentt
515 2315 549 2373 et
567 2316 676 2397 pater,
693 2317 846 2397 tempore
860 2309 962 2396 hujus
977 2309 1179 2393 nativitatis,
1197 2308 1319 2374 nullibi
1334 2308 1452 2373 habuit

324 2423 549 2506 domicilium,
580 2423 637 2488 vel
667 2423 784 2489 sedem
814 2422 989 2504 stabilem,
1026 2431 1108 2489 tunc
1139 2423 1340 2512 applicanda
1372 2429 1453 2487 sunt

317 2537 428 2603 -verba
447 2560 550 2626 supra
563 2536 670 2602 relata
686 2537 876 2603 Innocentii
891 2557 899 2604 :
917 2565 933 2598 «
953 2537 1028 2616 Quo
1047 2561 1129 2603 casu
1147 2538 1346 2604 nullatenus
1366 2537 1453 2625 ejus-

231 2633 234 2638 ·
325 2651 418 2718 modi
432 2651 571 2716 fortuita
586 2651 761 2734 nativitas,
779 2651 839 2716 sed
858 2675 937 2717 vera
958 2661 1093 2717 tantum
1111 2661 1144 2717 et
1163 2652 1332 2718 naturalia
1342 2653 1454 2738 patria

325 2768 422 2853 oripo
442 2765 506 2830 erit
524 2765 743 2832 attendenda.
763 2793 779 2826 »
800 2765 911 2848 Unde,
928 2767 963 2831 in
983 2789 1064 2832 casu
1083 2767 1257 2855 praedicto,
1275 2765 1455 2854 episcopus

328 2880 468 2968 originis
487 2886 540 2944 est
558 2879 738 2967 episcopus
752 2879 921 2962 dioecesiS,
940 2881 974 2945 in
989 2903 1058 2967 qua
1079 2883 1148 2967 ipse
1157 2889 1259 2966 pater
1274 2889 1373 2944 natue
1391 2887 1452 2964 est,

327 2996 408 3059 licct
427 2994 462 3058 in
481 2993 544 3058 hac
564 2991 702 3058 dioecesi
721 3016 763 3057 ee
786 2995 949 3058 accidenti
967 3000 1069 3059 natus
1093 2993 1156 3076 sit;
1183 3017 1263 3060 nam
1282 2993 1336 3059 hic
1356 2993 1456 3058 Inno-

330 3107 462 3172 centius
481 3129 550 3172 non
570 3107 718 3195 amplius
732 3107 912 3194 distinguit
931 3109 1020 3173 inter
1038 3108 1254 3173 nativitatem
1272 3109 1457 3194 fortuitam

331 3231 365 3288 et
389 3221 604 3300 nativitatem
628 3223 833 3306 normalem,
860 3222 929 3287 imo
952 3222 1063 3310 rejicit
1086 3245 1246 3310 expresse
1271 3221 1460 3311 quamlibet

331 3336 521 3416 lictionem,
552 3334 727 3404 dicendo:
763 3363 780 3398 ι(
810 3336 896 3400 Vera
928 3345 1062 3402 tantum
1092 3343 1127 3404 et
1156 3337 1322 3402 naturalis
1352 3337 1460 3425 patris

333 3453 470 3537 orlqo...
492 3477 508 3512 ι)

379 3565 412 3630 7⁰
431 3566 569 3630 Dictum
593 3573 660 3646 cst,
682 3565 717 3630 in
742 3588 823 3630 casu
845 3564 994 3631 fortuitae
1018 3566 1208 3632 nativitatis
1231 3566 1309 3650 lilii,
1333 3567 1462 3655 episco-

334 3703 415 3769 pum
439 3679 580 3767 originis
603 3703 678 3744 esse
702 3679 757 3744 vel
782 3679 978 3769 episcopum
998 3680 1161 3745 domicilii
1181 3679 1260 3769 (aut
1281 3681 1369 3745 aedtr
1390 3689 1461 3745 ata-

334 3793 430 3882 titis)
460 3793 583 3882 patris,
617 3793 674 3858 vel
703 3793 901 3882 episcopum
928 3795 1072 3880 oriqinia
1094 3795 1219 3881 patria„
1249 3793 1354 3860 Porro
1383 3794 1461 3859 huic
1546 3881 1550 3890 ι

334 3909 460 3996 regulae
479 3907 551 3995 ipsc
567 3907 786 3973 Innocentius
806 3908 945 3997 apponit
964 3908 1211 3997 exceptionem,
1227 3907 1342 3974 verbis
1361 3932 1461 3997 supra

335 4023 476 4090 relatis:
499 4047 515 4083 κ
534 4021 582 4086 At
601 4023 630 4087 si
654 4028 751 4110 pater
773 4022 809 4086 in
834 4022 945 4102 alieno
969 4023 1056 4105 loco,
1078 4023 1138 4088 ubi
1156 4022 1230 4111 ejus
1249 4023 1341 4090 filius
1359 4031 1460 4088 natus

335 4143 403 4216 est,
430 4136 561 4202 tamdiu
587 4159 625 4200 ac
651 4158 690 4200 co
717 4135 830 4201 animo
857 4159 987 4202 moram
1018 4138 1177 4219 traxerit,
1207 4143 1247 4203 ut
1273 4135 1356 4202 inibi
1381 4159 1461 4202 vere

335 4251 544 4316 domicilium
560 4250 601 4315 de
617 4250 694 4336 jure
714 4251 935 4332 contraxerit,
952 4259 1045 4332 tunc,
1062 4275 1131 4316 non
1151 4251 1246 4339 origo
1264 4251 1383 4340 patris,
1401 4250 1461 4316 sed
