3300 5056
320 458 373 514 dli
586 466 630 516 DE
648 465 788 518 LEGIBUS
808 465 922 518 ΒΑΜ
940 467 1177 520 ΟΒΒῙΝΑΤΙΟΝΙΒ

320 603 516 694 dignitates,
533 607 590 674 vel
609 607 688 674 doci
705 631 806 698 posse
826 611 966 677 mollem
980 612 1198 702 quietamque
1215 613 1332 695 vitam,
1349 619 1446 700 patet

320 742 399 792 eum
417 719 573 786 inclinari
591 745 661 788 non
674 731 746 790 tam
765 725 799 790 in
819 731 947 792 statum
965 725 1168 810 clericalem,
1185 749 1287 816 quam
1306 727 1342 792 in
1357 727 1446 792 divi-

320 834 402 916 tias,
423 855 548 901 vanam
567 837 711 924 gloriam
736 847 794 906 aut
817 841 941 924 otium,
963 848 998 908 et
1016 841 1064 906 sic
1083 841 1170 908 hanc
1189 842 1445 908 inclinationem

320 971 388 1012 non
408 971 482 1016 esse
501 951 638 1038 signum
656 953 781 1018 divinae
799 955 1003 1037 vocationiS,
1021 956 1082 1022 sed
1100 956 1311 1044 cupiditatis,
1330 979 1458 1044 super-t

320 1061 396 1147 biae,
418 1065 592 1133 socordiae.
615 1067 708 1134 Idem
728 1091 806 1134 cum
828 1039 1047 1159 proportione
1066 1070 1248 1137 dicendum
1267 1071 1309 1136 de
1328 1093 1367 1134 eo
1386 1070 1445 1158 qui

321 1201 391 1244 non
416 1181 531 1269 cupiat
550 1181 702 1264 ordines,
727 1184 796 1248 nisi
821 1184 864 1250 ob
888 1192 1018 1250 metum
1040 1186 1300 1252 reverentialem
1322 1207 1445 1273 paren-

321 1303 413 1378 tum,
439 1296 641 1380 amicorum,
667 1297 942 1382 benefactorum
969 1300 1023 1365 hic
1047 1300 1140 1366 enim
1166 1323 1236 1366 non
1261 1308 1444 1366 vocatura

321 1411 410 1491 Deo,
432 1410 493 1476 sed
516 1435 655 1478 eoarne
677 1419 712 1478 et
735 1413 913 1501 sanguine.
935 1415 1194 1480 -Notandum
1217 1422 1332 1480 tamen
1355 1414 1447 1479 ordi-

320 1525 472 1590 nandum
498 1525 681 1614 aliquando
707 1528 852 1610 moveri,
882 1528 996 1610 initio,
1025 1529 1068 1594 ad
1097 1536 1226 1594 statum
1254 1529 1444 1594 clericalem

321 1640 459 1706 motivis
479 1639 692 1706 naturalibus
711 1649 771 1708 aut
793 1641 895 1708 etiam
915 1644 1028 1708 minus
1047 1644 1219 1726 honestis,
1240 1651 1274 1709 et
1293 1643 1358 1708 hoc
1376 1665 1444 1707 non

321 1778 459 1836 nocere,
489 1755 590 1820 modo
619 1756 757 1821 tandem
785 1757 1009 1822 excludantur
1037 1758 1151 1822 omnia
1178 1757 1306 1823 motiva
1333 1757 1446 1822 minus

320 1868 481 1952 honesta,
510 1877 544 1934 et
568 1870 777 1958 proevaleant
801 1872 888 1936 fines
916 1871 1211 1959 supernaturales;
1237 1872 1332 1937 Deus
1354 1871 1443 1936 enim

321 1984 387 2048 viis
410 1985 568 2050 omnibus
590 1986 643 2050 uti
659 1987 795 2073 {potest,
823 1993 857 2052 et
880 1986 983 2050 etiam
1005 1986 1190 2074 aliquando
1217 1985 1382 2074 peccatis,
1407 1991 1446 2048 ut

320 2098 435 2162 trahat
455 2099 604 2186 aliquem
622 2099 666 2164 ad
685 2107 813 2166 statum
832 2099 1036 2165 clericalem.

366 2215 401 2280 b.
422 2213 469 2280 Ut
487 2214 533 2278 sit
552 2215 735 2299 diuturna,
756 2235 879 2302 nempe
897 2220 937 2279 ut
955 2213 1015 2278 illa
1038 2213 1213 2280 inclinatio
1233 2237 1302 2280 non
1323 2214 1445 2278 transi-

324 2329 410 2394 torie
426 2328 482 2409 sit,
500 2329 561 2394 sed
577 2329 676 2415 longo
693 2337 842 2414 tempore
855 2329 968 2395 durat.
985 2327 1128 2394 sienim
1144 2351 1234 2393 mere
1250 2329 1445 2393 transitoria

323 2443 384 2525 sit,
409 2465 479 2507 non
503 2443 673 2530 signifieat
696 2450 788 2509 certo
811 2443 963 2508 divinam
986 2443 1218 2522 vocationem
1247 2449 1331 2507 tunc
1356 2442 1447 2508 enim

323 2557 403 2622 oriri
420 2564 534 2646 potest
551 2558 606 2622 vel
630 2555 673 2622 ab
697 2557 770 2646 ipsa
794 2564 935 2640 natura,
958 2557 1014 2622 vel
1037 2580 1058 2622 a
1081 2558 1245 2641 demone,
1267 2557 1323 2621 vel
1346 2557 1447 2622 etiam

323 2695 342 2735 a
366 2673 451 2756 Deo,
478 2695 546 2738 non
570 2673 709 2762 quidem
734 2678 895 2752 vocante,
922 2671 983 2737 sed
1007 2670 1101 2736 aliud
1126 2669 1192 2736 sibi
1216 2677 1445 2760 proponente;

323 2794 451 2880 potest,
482 2787 639 2876 inquam,
665 2786 746 2851 oriri
773 2783 817 2850 ab
844 2785 919 2874 ipsa
947 2793 1087 2868 natura,
1116 2807 1151 2851 v.
1178 2807 1227 2871 g.,
1258 2807 1302 2849 ex
1331 2785 1447 2850 ardore

320 2903 482 2992 juvenili,
505 2925 547 2966 ex
568 2901 680 2967 subito
699 2899 762 2964 zeli
781 2908 893 2982 motu,
915 2900 971 2964 vel
990 2900 1094 2964 etiam
1113 2923 1155 2964 ex
1174 2899 1289 2987 aliquo
1307 2897 1450 2963 intortu-

325 3019 399 3100 nio,
420 3018 476 3084 vel
495 3017 693 3106 deceptione
713 3015 846 3104 aliqua3
872 3015 908 3078 in
932 3013 986 3079 his
1009 3015 1100 3079 enim
1119 3013 1304 3102 adjunctis,
1327 3019 1446 3078 natura

326 3131 498 3198 sufficiens
517 3138 569 3196 est
588 3131 631 3195 ad
653 3129 861 3218 gignendam
885 3128 979 3193 illam
1002 3128 1234 3194 transitoriam
1258 3125 1449 3192 inclinatio-

326 3271 417 3314 nem.
439 3247 559 3313 Potest
582 3245 685 3311 etiam
709 3243 850 3332 produci
873 3265 893 3308 a
916 3243 1081 3326 demone,
1108 3242 1167 3330 qui
1190 3239 1390 3329 aliquando,
1412 3246 1449 3303 ut

327 3361 495 3427 distrahat
516 3360 679 3448 juvenem
703 3357 746 3424 ab
773 3356 892 3423 officiis
915 3353 1141 3445 praesentibus
1167 3363 1202 3421 et
1224 3377 1244 3420 a
1270 3377 1349 3419 cura
1373 3375 1451 3442 pro-

327 3475 407 3564 priae
432 3475 568 3555 solutiS,
595 3481 746 3546 mentem
769 3473 844 3562 ejus
867 3477 1011 3558 occupat
1039 3463 1215 3558 repletque
1237 3468 1341 3534 variis
1365 3467 1451 3533 desi-

329 3589 431 3656 deriis
458 3613 572 3654 rerum
597 3612 673 3677 quae
705 3609 881 3676 nunquam
910 3584 1086 3666 evenient3
1116 3584 1260 3665 etenim,
1290 3589 1329 3647 ut
1355 3585 1452 3646 notat

330 3705 453 3772 Suarez
471 3723 477 3770 :
501 3731 517 3764 (ι
537 3703 648 3768 Etiam
663 3703 699 3766 in
717 3701 782 3768 hoc
795 3699 962 3767 desiderio
978 3699 1076 3788 (vite
1085 3699 1266 3786 religiosae)
1282 3695 1452 3762 interdum
1490 3695 1495 3716 ¹

331 3843 367 3886 se
385 3817 605 3906 transfigurat
627 3817 771 3904 angelus
789 3821 917 3882 satanae
936 3815 972 3878 in
991 3812 1150 3901 angelum
1169 3810 1271 3890 lucis,
1292 3817 1332 3875 ut
1351 3807 1454 3896 signi·

331 3933 446 4002 ficavit
460 3933 495 3996 in
509 3953 584 4020 cap.
601 3931 705 4015 Licet,
721 3929 775 4012 18,
793 3929 844 3994 Dn
859 3947 1087 4008 montannos,
1103 3925 1323 3990 Innocentius
1338 3922 1418 3988 111¹.
1436 3945 1450 3986 ι

332 4051 404 4116 lmo
424 4053 538 4138 potest
560 4044 619 4110 illa
638 4043 833 4110 transitoria
856 4041 1031 4108 inclinatio
1049 4039 1190 4128 produci
1213 4037 1256 4105 ab
1275 4039 1348 4127 ipso
1368 4038 1451 4120 Deo,

365 4230 374 4264 ¹
392 4230 431 4279 De
448 4225 594 4293 religione,
616 4227 696 4273 tract.
713 4223 776 4284 VII,
797 4223 845 4271 lib.
862 4221 895 4281 V,
915 4237 939 4270 c.
957 4235 1018 4280 vni,
1038 4235 1065 4268 n.
1085 4223 1112 4278 ³,
1134 4217 1256 4277 Parisiis,
1277 4219 1351 4274 1859,
1373 4219 1392 4264 t.
1410 4230 1452 4272 xv,

333 4325 361 4372 p.
377 4313 431 4356 331.
