3290 5060
310 468 360 520 ¹22
576 473 620 520 DE
639 473 777 524 LEGIBUS
798 473 911 524 SACRAE
930 475 1168 526 oablunrlonls

306 613 451 699 capella,
474 615 544 678 sine
565 615 697 680 licentia
716 617 809 681 card.
832 618 958 682 vicarii.
976 655 1021 666 -
1040 618 1190 705 Excipit,
1214 618 1311 701 ibid,
1332 620 1348 700 ᾗ
1368 618 1429 698 22,

305 727 449 815 primam
476 736 668 810 tonsuram,
695 731 775 818 quia
800 754 938 819 nempe,
964 739 1004 796 ut
1030 733 1078 797 ait
1104 731 1309 796 Benedictus
1337 731 1428 812 XIV,

306 840 408 906 breve
423 841 611 907 Alexandri
629 867 698 908 non
717 845 868 932 loquitur
891 845 957 910 nisi
977 846 1018 911 de
1038 848 1216 911 ordinibus
1225 865 1240 930 ,·
1258 868 1375 910 verum
1396 845 1432 910 id

306 955 565 1042 intelligendum
581 964 645 1039 est,
663 960 764 1022 modo
779 960 887 1046 prima
903 969 1041 1025 tonsura
1057 961 1249 1027 conteratur
1261 962 1332 1025 sine
1342 982 1432 1045 pon-

307 1071 659 1159 tificalibua(alioquin
671 1071 823 1138 obstaret
832 1073 888 1138 lex
896 1075 1092 1139 Tridentina
1104 1075 1139 1138 in
1149 1075 1206 1139 cit.
1219 1097 1290 1163 cap.
1302 1072 1428 1160 Nulli),

306 1191 340 1249 et
353 1184 452 1270 juxta
472 1187 666 1273 opinionem
685 1210 802 1251 eorum
817 1188 875 1276 qui
895 1188 1013 1254 dicunt
1032 1189 1230 1277 episcopum
1248 1211 1317 1252 non
1335 1209 1432 1251 exer·

306 1321 379 1362 cere
399 1299 619 1387 pontificalia,
636 1301 665 1365 si
684 1301 834 1366 conterat
854 1308 1031 1368 tonsuram
1051 1303 1124 1368 sine
1143 1300 1427 1390 pontificalibus¹.

693 1503 754 1570 III.
782 1506 832 1570 Da
857 1527 1043 1571 rnrvnsens

349 1675 417 1744 46.
456 1716 499 1726 -
536 1675 800 1765 Privilegium
838 1677 1054 1747 cardinalis
1095 1675 1429 1764 archipresbyteri

305 1789 481 1858 basilieae
511 1792 725 1860 Vaticanae.
751 1829 795 1840 -
823 1791 909 1857 Cum
938 1791 1116 1879 privilegia
1148 1791 1217 1856 sint
1244 1813 1298 1854 res
1326 1790 1427 1876 sacti,

305 1904 541 1991 potiusquam
554 1907 662 1990 juris,
684 1928 790 1969 unum
809 1913 955 1987 tantum,
978 1905 1125 1993 exempli
1145 1925 1431 1985 causa,memora-

305 2015 417 2080 bimus
436 2017 670 2104 privilegium,
693 2019 783 2106 quod
803 2019 942 2105 deroget
961 2018 1064 2083 bullae
1083 2018 1328 2104 Speculatores.
1348 2015 1430 2082 Car-

305 2129 429 2194 dinalis
453 2130 724 2219 archipresbyter
747 2132 895 2197 basilica»
915 2133 1105 2214 Vaticanae,
1127 2132 1156 2195 si
1180 2131 1225 2196 sit
1248 2130 1430 2216 insignitus

305 2245 498 2308 charactere
518 2245 711 2334 episcopali,
729 2246 786 2334 jus
806 2219 908 2310 habet
928 2246 1122 2311 conferendi
1142 2269 1261 2311 omnes
1280 2245 1427 2324 ordines,

304 2381 412 2446 usque
439 2359 482 2423 ad
507 2359 781 2446 presbyteratum
807 2360 989 2442 inclusive,
1016 2361 1173 2425 omnibus
1195 2383 1263 2425 auae
1287 2358 1430 2424 basilica

304 2473 458 2556 addictis,
476 2496 598 2559 nempe
619 2475 801 2554 canonicis,
818 2473 1039 2556 beneficiatis,
1061 2474 1192 2538 clericis
1212 2480 1246 2537 et
1265 2471 1430 2536 ministris

304 2585 453 2651 basilicae
477 2595 556 2652 actu
579 2587 860 2668 inservientibus,
883 2589 954 2653 sine
978 2587 1180 2676 cujusquam
1200 2585 1366 2674 episcopi,
1388 2607 1430 2648 ne

304 2702 441 2788 quidem
457 2702 638 2766 cardinalis
656 2701 784 2783 vicarii,
801 2701 950 2782 licentia,
968 2701 1169 2766 dimissoriis
1183 2709 1242 2766 aut
1261 2699 1427 2766 examine.

304 2813 422 2879 Sinon
442 2816 486 2881 sit
501 2817 693 2881 charactere
713 2816 896 2904 episcopali
915 2815 1111 2902 insignitus,
1124 2814 1183 2901 jus
1202 2813 1304 2879 habet
1324 2814 1430 2877 advo-

304 2930 403 2993 candi
422 2929 609 3016 quemlibet
625 2930 834 3017 episcopum,
850 2937 889 2993 ut
908 2929 1088 3016 praedictos
1108 2929 1244 2993 ordines
1264 2927 1426 2991 conferat.

303 3082 348 3090 -
376 3045 448 3109 Hoc
476 3045 708 3132 privilegium,
733 3043 834 3131 juxta·
865 3045 1005 3131 antiqua
1033 3043 1228 3130 privilegia,
1261 3041 1429 3107 concessit

303 3136 443 3244 praelato
471 3159 634 3223 cardinali
662 3157 955 3246 archipresbytero
982 3158 1186 3224 Benedictus
1216 3156 1307 3238 XIV,
1336 3155 1428 3220 bulla

303 3272 362 3335 Ad
383 3273 632 3358 honorandam,
647 3273 694 3337 VI
715 3273 782 3338 kal.
801 3297 872 3360 apr.
893 3273 990 3354 1752,
1012 3277 1029 3358 ᾗ
1049 3273 1109 3353 6¹3
1131 3271 1283 3360 illudque
1302 3292 1429 3334 memo-

304 3395 356 3452 rat
375 3388 409 3450 in
430 3387 569 3475 praelata
588 3388 686 3474 epist.
704 3387 763 3451 Ad
781 3388 1006 3470 audientiam,
1027 3389 1044 3472 ᾗ
1065 3385 1119 3451 16.

350 3639 368 3710 5
388 3639 420 3693 7.
443 3639 496 3696 De
516 3653 586 3695 usu
607 3639 815 3696 Galliarum
834 3638 956 3709 quoad
975 3637 1193 3709 episcopum
1212 3635 1383 3707 orlqinls.

347 3829 416 3897 47.
433 3869 479 3878 -
496 3831 616 3899 Facta
634 3829 848 3916 praecipua.

348 3947 383 4008 1ο
398 3943 436 4008 ln
452 3944 598 4008 comitiis
613 3943 826 4031 generalibus
846 3942 944 4024 cleri,
962 3966 1018 4008 an.
1037 3943 1135 4024 1635,
1153 3943 1276 4007 initum
1294 3948 1348 4008 est
1364 3941 1427 4006 boc

303 4057 505 4124 consilium:
530 4083 545 4118 a
562 4058 632 4123 Nos
652 4057 828 4142 seigneurs
852 4057 902 4121 les
926 4057 1154 4144 archeveques
1179 4063 1213 4121 et
1236 4061 1424 4144 evaques...

334 4219 343 4254 ¹
361 4221 422 4268 Non
437 4221 476 4269 sic
489 4220 660 4276 Honorante‚
675 4216 725 4267 loc.
737 4217 792 4275 cit„
809 4235 836 4282 p.
849 4223 891 4280 72,
905 4219 951 4281 qui
966 4217 1037 4267 male
1051 4217 1150 4280 allegat
1160 4217 1337 4266 Benedictum
1350 4217 1424 4265 xlv.

332 4301 344 4335 ²
363 4299 433 4347 Ball.
449 4297 559 4356 Bened.,
575 4301 595 4346 t.
612 4313 652 4356 ιιι,
668 4311 694 4346 n.
711 4301 751 4345 59.
