3316 5052
450 503 493 552 DE
513 501 776 562 PRAEREQUlSl'llS
796 502 838 550 Ab
858 500 1111 554 ORDlNATIONEltl
1293 502 1342 554 3:33

220 653 309 706 terna
329 643 518 717 hereditate,
540 642 722 703 subsidium
742 642 812 702 uitae
829 642 930 724 possit
950 643 1099 704 bahme'.
1120 671 1133 698 n
1154 645 1267 705 Procul
1288 645 1344 704 du-

219 748 286 820 bio,
310 749 476 810 concilium
500 751 705 808 Laterancnse
728 769 790 806 non
813 747 994 807 intendebat
1017 749 1197 829 permittere
1221 757 1254 808 ut
1274 749 1343 809 laici

218 854 267 914 vel
283 853 386 914 clerici
402 853 516 912 divites
536 851 673 912 ordinari
692 852 811 932 possint
830 850 898 912 sine
915 851 1023 920 titulo,
1042 853 1149 926 idest,
1168 854 1232 913 sine
1248 854 1343 913 bene-

218 959 305 1032 ficio,
328 957 417 1038 cujus
437 957 539 1017 officio
564 957 725 1037 occupari,
747 956 836 1036 cujus
860 956 1012 1016 reditibus
1031 957 1071 1016 ali
1097 965 1251 1038 possent:
1273 979 1342 1039 quas

220 1063 328 1122 luisset
355 1062 475 1122 eversio
500 1061 576 1140 legis
597 1060 874 1132 Chalcedonensis;
896 1061 949 1120 sed
972 1069 1108 1133 tautum,
1130 1082 1201 1120 cum
1222 1062 1344 1122 tulisset

219 1174 326 1227 contra
356 1166 519 1246 episcopos
546 1165 725 1224 ordinantes
753 1164 822 1224 sine
848 1163 940 1224 titulo
967 1187 1091 1246 poenam
1115 1166 1341 1246 pecuniariam,

219 1292 331 1351 nempe
344 1270 565 1348 obligationem
581 1269 777 1329 sustentandi
790 1269 938 1329 diaconos
950 1277 981 1328 ct
995 1270 1194 1350 presbyteros
1206 1271 1250 1330 sic
1263 1270 1344 1330 ordi-

220 1383 324 1448 natos,
347 1374 486 1434 decrevit
505 1395 628 1455 poenam
650 1393 712 1433 non
728 1373 841 1433 habere
862 1372 981 1446 locum,
1003 1373 1027 1432 si
1048 1374 1128 1434 lortc
1143 1374 1246 1434 clerici
1264 1375 1346 1434 ordi-

219 1480 285 1539 nati
309 1477 347 1538 de
375 1499 433 1538 sua
461 1477 510 1537 vel
534 1483 669 1557 paterna
699 1475 874 1537 hereditate
905 1475 1086 1538 subsidium
1117 1477 1188 1538 vitae
1215 1485 1345 1559 possent

219 1582 349 1643 babere.
365 1583 566 1642 —Attamen
583 1582 632 1640 hic
652 1581 801 1662 loquendi
817 1581 929 1642 modus
944 1582 1139 1642 occasionem
1158 1583 1344 1663 quibusdam

219 1688 359 1770 praebere
372 1695 493 1768 poterat
508 1685 665 1746 asserendi
681 1685 846 1745 concilium
860 1687 1036 1766 permisisse
1049 1687 1218 1767 episcopis,
1236 1695 1270 1746 ut
1285 1687 1345 1746 elc-

220 1793 301 1853 ricos
317 1793 430 1852 divites
443 1791 622 1851 ordinarent
637 1789 705 1850 sine
720 1789 822 1851 titulo.

260 1899 293 1956 3⁰
313 1896 403 1964 Quod
425 1917 531 1956 revera
552 1895 672 1967 evenit,
695 1901 772 1954 teste
792 1895 968 1974 Stephano,
989 1896 1136 1977 episcopo
1158 1897 1182 1955 T
1185 1897 1346 1956 ornacensi

222 2001 300 2081 (del.
325 2023 375 2061 an.
405 2001 514 2080 1203),
539 2001 592 2081 qui
613 2000 737 2080 scripsit
758 1999 797 2058 ad
818 1999 1018 2059 Caelestinum
1040 2000 1084 2059 lll
1105 2000 1172 2076 (vel
1193 2000 1347 2061 Innocen-

221 2106 298 2165 tium
317 2105 398 2182 111):
417 2105 581 2172 «Quidam
601 2104 711 2176 etiam,
728 2102 846 2184 quibus
861 2111 935 2164 sunt
951 2103 1091 2184 propriae
1109 2103 1294 2184 facultates,
1314 2111 1347 2165 ut

223 2208 296 2269 inde
320 2208 422 2269 uiuere
442 2207 581 2290 possin-t,
603 2208 740 2267 ordinari
771 2216 874 2268 tamen
903 2215 1069 2288 expetunt,
1094 2215 1128 2268 ut
1150 2228 1211 2288 pro
1236 2209 1344 2286 titulo,

222 2313 393 2374 secundnm
419 2314 682 2394 dispensationem
709 2333 867 2372 sacrorum
895 2333 1064 2385 canonum,
1092 2313 1184 2374 rebus
1213 2315 1347 2395 propriis

222 2419 382 2478 utantur2.
407 2445 420 2474 n
444 2418 549 2490 Unde,
567 2418 619 2476 vix
639 2416 751 2496 elapsis
770 2420 810 2475 20
828 2417 916 2477 annis
936 2425 1008 2498 post
1027 2417 1210 2488 concilium,
1232 2420 1345 2499 passim

218 2525 283 2605 jam
305 2523 517 2590 dictitabatur.
537 2521 758 2603 patrimonium
775 2541 828 2580 seu
850 2521 989 2601 proprias
1006 2521 1185 2594 lacultateS,
1206 2543 1272 2583 esse
1286 2543 1347 2603 pro

223 2626 331 2703 titula,
348 2635 379 2688 et
394 2628 468 2701 boe,
483 2626 568 2708 quod
582 2625 680 2704 magis
691 2625 802 2684 mirum
819 2633 881 2696 est,
892 2623 1065 2684 sectandum
1081 2623 1346 2706 dispensationem

221 2753 385 2793 sacrorum
400 2753 567 2793 canonum.

262 2837 295 2896 ·l⁰
310 2837 468 2918 Quidquid
484 2844 546 2908 est,
564 2837 671 2917 paucis
686 2844 757 2916 post
772 2835 875 2905 anniS,
890 2855 940 2894 arr.
958 2855 1068 2914 nempe
1087 2838 1178 2908 1208,
1194 2835 1347 2896 Innocen-

222 2942 284 3001 tius
300 2941 345 3001 lll
361 2941 502 3022 permisit
516 2941 751 3022 archiepiscopo
770 2939 950 3010 Bisuntino,
968 2946 1002 2998 ut
1015 2939 1145 2998 clericos
1164 2939 1278 3000 divites
1295 2961 1346 3000 or·
1441 2931 1445 2940 ’

222 3046 328 3106 dinare
344 3054 449 3126 posset
468 3046 507 3105 ad
527 3065 631 3106 sacros
645 3044 770 3104 ordines
785 3044 851 3102 sine
868 3042 979 3102 titulo:
999 3067 1013 3097 u
1032 3043 1107 3102 Tuis
1122 3044 1347 3123 quaestionibus

222 3150 464 3231 respondemuS,
481 3150 565 3231 quod
581 3150 711 3209 clericos
727 3149 758 3207 in
776 3147 949 3207 minoribus
964 3146 1125 3206 ordinibus
1140 3149 1344 3215 constitutos.

222 3253 260 3314 de
271 3252 557 3336 patrimonialibus
571 3253 660 3313 bonis
672 3251 837 3328 habentes,
852 3249 934 3310 unde
943 3250 1066 3332 possint
1076 3273 1214 3333 conprue
1226 3260 1346 3314 susten-

223 3359 301 3437 tari,
325 3360 384 3420 etsi
406 3358 545 3419 tiendum
567 3357 689 3439 suerint
710 3355 900 3438 beneficium
923 3354 1170 3416 ecclesiasticum
1193 3360 1344 3434 assecuti,

222 3465 393 3526 dummodo
414 3463 498 3524 aliud
521 3463 704 3524 canonicum
727 3481 788 3521 non
808 3459 953 3528 obsistat,
973 3457 1016 3520 ad
1034 3459 1211 3539 superiores
1225 3463 1346 3544 peteris

222 3567 350 3630 ordines
361 3589 555 3650 promouere.
575 3593 589 3622 n
604 3567 679 3634 Quae
694 3563 857 3625 decretalis
872 3585 889 3624 a
905 3563 1057 3642 Gregorio
1069 3565 1110 3623 lX
1124 3564 1239 3626 inserta
1255 3575 1302 3627 cst
1314 3569 1346 3626 in

224 3675 363 3755 Corpore
378 3673 461 3734 Juris
476 3679 557 3753 (cap.
580 3671 666 3748 Tuis,
684 3672 734 3742 23,
753 3670 798 3728 Da
816 3668 1004 3747 rainueunrs).

263 3779 295 3838 5⁰
312 3778 401 3838 Unde
413 3798 485 3837 mox
502 3776 723 3858 patrimonium
739 3795 801 3833 non
817 3780 938 3832 tuntum
953 3772 1092 3832 habitum
1108 3781 1155 3832 est
1165 3795 1227 3855 pro
1241 3774 1343 3849 titulo,

223 3886 385 3946 sedetiam
401 3891 546 3945 vocaturn
561 3891 606 3943 est
621 3881 731 3942 titulus
745 3877 949 3962 patrimonii,
966 3877 1077 3939 titulus
1088 3880 1343 3962 patrimonialis,
1436 3867 1443 3878 ⁶

223 3991 310 4072 quasi
327 3989 564 4071 patrimonium,
582 3988 709 4048 relative
728 3985 767 4046 ad
785 3983 1029 4057 ordinationem,
1048 3983 1157 4044 luisset
1171 3987 1298 4047 omnino
1313 3989 1345 4048 in

255 4160 263 4193 ¹
282 4159 383 4216 blansi,
400 4162 420 4207 t.
435 4171 501 4217 xxii,
517 4158 568 4206 col.
585 4161 638 4205 220.

255 4237 266 4271 ²
283 4237 413 4300 Stephani
425 4236 616 4290 Tornacensis,
631 4233 726 4298 Epist,
741 4249 827 4290 cxciv,
839 4231 880 4280 Ad
891 4245 989 4294 papam
995 4247 1004 4288 ,¹
1018 4229 1121 4293 Migne,
1137 4232 1166 4280 P.
1181 4233 1219 4290 t.,
1236 4238 1255 4282 t.
1273 4250 1344 4293 ccxi,

224 4317 276 4364 col.
291 4321 344 4364 tri.
