3316 5052
332 477 384 532 ³02
599 479 643 530 DE
662 477 800 531 LEGIBUS
819 479 932 530 SACRAE
951 479 1188 532 ounrusrlonrs

333 626 433 689 nibus
462 624 577 709 futuri
604 623 814 688 matrimonii
839 647 924 712 quas
951 631 1029 690 ante
1056 625 1312 690 matrimonium
1341 631 1393 690 ter
1421 627 1458 690 in

331 738 475 804 ecclesia
495 737 566 802 fieri
581 736 685 825 jussit
704 737 794 802 idem
813 739 996 804 concilium
1014 739 1121 821 Trid,
1139 763 1212 828 cap.
1236 741 1398 824 Tametsi,
1423 744 1456 821 l,

331 877 416 918 sess.
442 851 564 932 XXIV,
593 853 643 916 Du
667 872 737 916 aar.
764 873 883 932 usru.;
906 859 1059 941 utraque
1083 862 1248 920 vocantur
1272 854 1458 942 aliquando

326 967 575 1054 publicationes
615 967 821 1032 bannorum.
865 1007 909 1014 -
951 967 1002 1032 De
1044 975 1162 1034 nostro
1204 969 1340 1034 decreto
1383 969 1457 1033 haec

329 1080 502 1146 dicenda:

376 1199 409 1260 t⁰
428 1194 618 1260 Publicatio
638 1193 760 1259 futurae
786 1195 1009 1262 ordinationis
1034 1195 1106 1260 fieri
1131 1195 1234 1262 debet
1258 1197 1293 1262 in
1319 1197 1454 1261 ecclesia

324 1309 527 1398 parochiali.
550 1347 595 1356 -
613 1308 678 1374 Hic
701 1309 793 1373 enim
816 1309 985 1396 genuinus
1008 1332 1130 1376 sensus
1150 1318 1202 1375 est
1226 1333 1321 1377 conc.
1343 1311 1451 1388 Trid.‚

323 1426 424 1514 juxta
439 1423 531 1512 quod
545 1422 723 1512 episcopus
741 1423 954 1488 committere
969 1422 1070 1489 debet
1084 1426 1249 1510 parocho,
1268 1435 1306 1490 ut
1315 1427 1453 1511 publice

328 1541 363 1604 in
381 1539 515 1603 ccclesia
531 1545 702 1623 proponat
721 1535 870 1602 futuram
888 1537 1154 1620 ordinationem3
1179 1539 1356 1628 episcopus
1375 1540 1452 1627 qui-

327 1653 405 1720 dem
433 1653 537 1718 etiam
564 1651 620 1718 alii
645 1651 709 1716 hoc
735 1673 860 1716 munus
886 1653 1097 1718 committere
1117 1661 1246 1743 potest,
1269 1677 1312 1718 ex
1332 1652 1451 1720 eodem

326 1775 423 1833 textu
450 1789 545 1832 conc.
573 1765 680 1847 Trid,
709 1765 770 1830 sed
798 1766 870 1830 haec
897 1767 1042 1832 mutatio
1066 1791 1219 1853 persona
1245 1767 1451 1856 publicantis

326 1905 395 1947 non
415 1881 544 1945 inducit
563 1879 788 1944 mutationem
809 1880 887 1964 loci,
905 1903 945 1945 eo
965 1883 1073 1968 magis
1093 1882 1184 1970 quod
1200 1881 1320 1968 jubeat
1341 1883 1452 1947 conci-

326 1995 409 2060 lium
430 1993 554 2082 inquiri
570 1994 611 2058 de
627 1991 806 2057 ordinandi
822 1995 1004 2080 natalibus,
1022 2003 1129 2080 atate,
1148 1997 1301 2061 moribus
1315 2005 1347 2060 et
1362 1997 1451 2066 uita:

328 2133 403 2196 quae
423 2108 614 2196 significant
634 2107 815 2172 concilium
830 2108 1046 2196 potissimum
1064 2109 1252 2176 intendisse
1271 2109 1449 2176 ecclesiam

323 2223 568 2308 parochialem.
591 2222 634 2286 Et
658 2222 706 2286 sic
729 2245 812 2287 usus
837 2223 1010 2288 decretum
1030 2223 1265 2288 Tridentinum
1288 2225 1451 2312 interpre-

325 2343 417 2402 tatus
437 2343 500 2402 est.

370 2453 404 2517 2⁰
435 2450 570 2539 Duplex
603 2450 787 2540 aliquando
820 2457 873 2516 est
903 2451 1064 2539 parochia
1097 2451 1291 2536 ordinandi,
1327 2475 1449 2542 nempe

323 2565 481 2654 parochia
505 2561 646 2650 oripinis
666 2571 700 2629 et
723 2564 881 2652 parochia
899 2565 1089 2632 domicilii:
1107 2565 1265 2654 parochia
1288 2567 1446 2652 oripinis.

324 2681 359 2746 in
382 2703 448 2769 qua
474 2686 575 2744 natus
602 2685 669 2760 est,
696 2685 730 2742 et
755 2677 913 2766 parochia
937 2679 1116 2762 domicilii,
1137 2680 1172 2766 in
1199 2703 1265 2768 qua
1290 2680 1363 2768 ipse
1390 2689 1449 2746 aut

323 2795 397 2882 ejus
416 2799 591 2882 parenteS,
607 2791 725 2857 relicta
744 2791 903 2880 parochia
922 2792 1305 2880 originis,domicilium
1324 2785 1449 2890 consti-

324 2915 474 2974 tuerunt.
503 2945 546 2954 —
572 2906 677 2970 Porro
708 2905 875 2970 ordinatio
906 2905 1110 2994 publicanda
1141 2915 1194 2972 est
1224 2907 1259 2971 in
1289 2907 1447 2996 parochia

323 3023 502 3105 domicilii,
520 3020 615 3108 quia,
633 3020 710 3108 jure
728 3019 903 3099 canonico,
921 3020 993 3085 haec
1012 3028 1064 3086 est
1082 3044 1162 3086 vera
1181 3021 1340 3110 parochia
1359 3023 1446 3086 ordi-

323 3135 437 3205 nandi.
456 3135 575 3215 Quoad
594 3133 787 3222 parochiam
807 3134 966 3220 oriqinis,
988 3135 1269 3222 distinguendum
1288 3143 1366 3202 est:
1391 3137 1446 3200 vel

322 3250 529 3315 ordinandus
548 3249 686 3336 reliquit
709 3271 783 3312 eam
806 3257 885 3314 ante
908 3251 1137 3334 septennium,
1160 3257 1218 3315 aut
1242 3250 1345 3334 etiam
1368 3257 1446 3316 ante

317 3365 551 3452 pubertatem,
573 3369 608 3427 ct
630 3369 712 3427 tunc
736 3385 805 3427 non
829 3369 881 3428 est
904 3361 1110 3450 publicanda
1134 3363 1301 3429 ordinatio
1325 3364 1360 3428 in
1385 3364 1445 3430 hac

321 3477 496 3568 parochia,
522 3477 601 3564 quia
627 3475 686 3540 vix
712 3475 746 3540 in
772 3499 811 3541 ea
837 3482 939 3542 notus
966 3484 1018 3542 est
1044 3476 1269 3560 ordinanduS,
1295 3500 1358 3542 nec
1383 3477 1445 3543 hac

320 3599 421 3658 aetate
443 3591 569 3656 incurri
593 3591 704 3656 solent
728 3613 837 3678 poeuae
861 3591 1033 3656 cauouicae
1053 3591 1114 3680 (cf.
1141 3589 1245 3674 intra,
1270 3614 1307 3658 u.
1331 3591 1442 3680 123),

321 3714 370 3790 et,
401 3705 514 3794 quoad
544 3728 668 3792 genus,
698 3705 914 3770 nativitatem
945 3711 979 3770 ct
1008 3703 1216 3794 baptismum
1247 3705 1441 3787 ordinandi,

320 3819 453 3886 abunde
478 3819 647 3884 sufficient
670 3817 880 3906 parochiales
903 3818 1158 3901 attestationem
1180 3841 1315 3908 semper
1333 3820 1444 3908 requi·

319 3935 409 4017 sitae,
432 3931 473 3998 dc
492 3931 662 4020 baptismo
682 3932 862 3998 ordinandi
885 3931 979 3998 etde
1003 3932 1218 4032 matrimonio
1241 3941 1441 4022 pareutum3

320 4049 447 4115 sivero
467 4046 674 4113 ordinandus
692 4045 886 4134 parochiam
905 4045 1044 4134 originis
1063 4069 1132 4112 non
1151 4045 1217 4112 uisi
1230 4055 1309 4136 post
1323 4046 1444 4136 puber-

319 4169 425 4228 tatem
443 4161 598 4250 reliquit,
616 4160 717 4226 etiam
736 4160 772 4225 in
790 4159 853 4226 hac
871 4160 1029 4248 parochia
1048 4159 1216 4226 ordinatio
1235 4160 1443 4250 probabilius

318 4275 522 4365 publicanda
548 4280 611 4341 est.
638 4312 682 4323 —
705 4275 880 4358 Ceterum,
906 4297 984 4341 cum
1010 4274 1082 4340 haec
1111 4298 1180 4342 non
1209 4273 1335 4342 fuerint
1360 4277 1443 4342 satis
