3300 5056
323 436 375 488 262
589 437 634 486 DE
652 435 791 486 LEGIBUS
810 435 925 485 SACRAE
943 433 1180 484 onolriarronls

367 579 435 650 99.
455 619 500 628 —
518 580 712 667 Tempora
730 578 1088 670 ordinationumin
1107 576 1284 645 Ecclesia
1307 575 1450 645 Orien-

321 697 406 766 tali.
432 737 474 750 -
498 695 689 762 Orientales
713 719 782 760 non
805 703 1005 784 receperunt
1030 695 1165 760 decreta
1188 693 1318 760 Gelasii
1342 717 1448 782 supra
1523 743 1525 746 -

324 809 372 900 (n.
390 811 456 900 92)
477 811 583 876 relata
603 811 643 875 de
663 811 873 896 temporibus
892 810 1156 892 ordinationum,
1174 809 1242 873 imo
1262 831 1324 874 nec
1342 808 1448 874 etiam

322 925 490 1013 reoepisse
509 923 669 990 videntur
687 923 822 990 decreta
840 923 964 989 Leonis
988 906 1090 1012 supra
1110 923 1162 1010 (n.
1185 923 1257 1012 91)
1279 923 1384 988 relata
1404 923 1448 987 de

320 1038 496 1104 ordinibus
528 1040 633 1105 sacris
659 1063 727 1102 non
757 1039 824 1102 nisi
848 1038 903 1102 die
930 1037 1098 1102 dominica
1124 1036 1182 1101 vel
1211 1035 1353 1102 sabbato
1382 1035 1448 1102 sub

321 1175 497 1242 vesperam
525 1152 754 1233 celebrandis,
779 1153 860 1218 licet
887 1151 928 1217 de
957 1153 1020 1218 hoo
1048 1151 1221 1240 scripserit
1244 1150 1278 1217 S.
1305 1151 1374 1217 Leo
1402 1153 1447 1218 ad

321 1267 520 1334 Dioscorum
536 1268 825 1348 Alexandrinum,
843 1273 877 1332 et
896 1266 938 1331 ad
957 1266 1168 1332 Marcianum
1187 1267 1443 1354 imperatorem,

320 1389 359 1446 ut
383 1380 510 1446 ibidem
536 1382 648 1446 visum
676 1388 740 1446 est.
768 1381 865 1448 Unde
893 1379 1047 1468 quolibet
1074 1381 1154 1445 anni
1181 1387 1347 1467 tempore,
1374 1380 1444 1442 imo

321 1495 472 1584 quolibet
486 1495 553 1578 die,
571 1496 744 1561 celebrant
758 1495 1000 1576 ordinationes,
1015 1494 1095 1560 licet
1109 1495 1252 1560 eoncilia
1267 1494 1445 1558 hortentur

320 1611 498 1698 episcopos
516 1617 556 1675 ut
574 1610 760 1674 dominicas
779 1609 894 1696 potius
915 1610 1042 1697 eligant
1061 1609 1145 1675 dies.
1163 1609 1219 1675 Sic
1238 1631 1331 1680 cone.
1348 1631 1442 1672 mon·

319 1725 364 1789 tis
387 1723 524 1806 Libani,
550 1747 605 1789 an.
635 1725 737 1805 1736,
763 1731 849 1812 part.
878 1724 926 1802 ΙΙ,
954 1744 1074 1804 o.x1v‚
1101 1747 1135 1788 n.
1165 1723 1232 1788 18:
1260 1723 1445 1810 «Tempus

318 1847 449 1920 autem,
471 1861 539 1926 quo
564 1859 659 1903 sacra
675 1837 840 1903 celebrari
858 1837 961 1903 debet
984 1838 1168 1918 ordinatio,
1190 1836 1340 1925 episcopi
1358 1835 1444 1900 arbi-

318 1953 383 2018 trio
412 1952 632 2040 relinquitur;
666 1953 740 2040 qui,
771 1952 927 2040 quamvis
956 1951 1109 2040 quolibet
1137 1951 1217 2016 anni
1247 1973 1379 2031 mense,
1411 1957 1444 2014 et

318 2065 471 2154 quolibet
494 2066 716 2132 hebdomadae
739 2066 810 2149 die,
836 2067 973 2132 ordines
996 2067 1099 2132 etiam
1123 2065 1268 2154 majores
1293 2065 1444 2130 conferre

319 2181 438 2270 possit,
457 2181 493 2245 id
511 2187 625 2246 tamen
645 2205 763 2246 curare
777 2181 879 2246 debet
897 2191 935 2246 ut
949 2181 1136 2246 dominicas
1151 2181 1265 2268 potius
1284 2203 1323 2244 ao
1337 2179 1444 2244 festos

316 2295 390 2360 dies
410 2295 532 2381 eligat;
557 2323 571 2356 n
595 2295 716 2361 deinde
736 2295 917 2362 concilium
941 2296 1102 2361 bortatur
1125 2296 1301 2384 episcopos
1325 2301 1364 2359 ut
1383 2294 1444 2358 eli-

318 2417 401 2497 gant
419 2410 475 2474 vel
498 2408 640 2475 sabbata
657 2432 718 2475 sex
738 2418 947 2498 temporum,
968 2410 1059 2474 utin
1084 2409 1227 2475 eeclesia
1244 2409 1366 2487 latina,
1387 2407 1444 2471 vel

318 2523 505 2590 dominicas
528 2531 676 2612 quatuor
693 2524 900 2612 jejuniorum
924 2546 999 2612 quae
1023 2525 1056 2588 in
1081 2546 1169 2588 anno
1194 2521 1439 2588 celebrantur

547 2777 552 2784 .
584 2809 603 2882 5
623 2810 657 2866 2.
679 2809 732 2866 De
752 2809 835 2866 looo
854 2807 1138 2866 ordinationum
1152 2809 1172 2862 ¹.

365 3039 458 3107 100.
486 3078 530 3088 -
557 3039 685 3108 Locus
713 3059 786 3127 pro
813 3041 944 3126 prima
972 3046 1137 3108 tonsura
1167 3044 1206 3106 et
1233 3036 1441 3106 ordinibus

317 3151 554 3240 minoribus.

363 3266 398 3330 1⁰
414 3294 430 3327 (ι
450 3266 649 3348 ClerieatuS‚
667 3291 728 3332 seu
747 3267 856 3356 prima
874 3276 1026 3350 tonsura,
1044 3290 1258 3356 quocumque
1277 3267 1343 3350 die,
1361 3268 1442 3332 hora

318 3387 352 3446 et
373 3380 454 3464 locu,
472 3381 617 3446 conferri
631 3388 760 3470 potest,
780 3409 795 3443 »
812 3383 859 3446 ait
874 3382 1071 3467 Pontificale
1084 3382 1287 3465 Romanum,
1306 3390 1393 3468 part.
1413 3381 1439 3464 l,

319 3495 372 3560 tit.
394 3494 442 3558 De
462 3497 640 3560 ordinibus
659 3498 887 3580 conserendis,
910 3496 1001 3584 quod
1020 3497 1143 3560 iterum
1163 3494 1245 3560 dicit
1264 3495 1298 3559 in
1318 3495 1371 3561 tit.
1394 3495 1442 3561 Dr

318 3610 437 3674 clerico
460 3612 628 3694 faciendo,
651 3611 740 3698 Ergo
760 3634 828 3676 non
852 3611 1033 3699 requiritur
1052 3609 1210 3690 ecclesia,
1232 3609 1293 3674 sed
1317 3610 1442 3675 suffieit

317 3724 522 3810 quicumque
541 3723 652 3805 loom,
675 3725 776 3790 modo
796 3726 920 3790 decens
941 3732 974 3789 et
992 3725 1168 3790 honestus.

361 3836 397 3899 2⁰
419 3836 600 3902 «Minores
626 3861 707 3902 voro
734 3838 869 3954 ordinqs
895 3845 1041 3926 possunt
1067 3837 1139 3902 dari
1166 3836 1311 3924 siugulis
1336 3835 1443 3902 domi-

318 3949 460 4032 nicis...‚
486 3951 705 4037 ubicumque,
723 3952 758 4016 in
778 3975 876 4017 mane
896 3958 1023 4034 tamen,
1045 3977 1061 4012 n
1078 3951 1125 4018 ait
1144 3952 1225 4016 item
1244 3949 1442 4035 Pontificale

349 4151 356 4184 ¹
376 4153 456 4202 Cone.
473 4153 535 4202 coil.
553 4153 691 4212 incensis,
709 4159 728 4206 t.
743 4171 773 4214 ιι,
790 4171 816 4218 p.
831 4161 889 4214 2³6,
906 4161 960 4205 2³7.

347 4231 358 4265 ²
375 4231 415 4279 Cf.
432 4232 543 4286 Hallior,
560 4235 629 4294 part.
645 4231 683 4292 11,
699 4237 765 4282 sect.
781 4248 819 4291 v1;
835 4234 878 4282 ed.
894 4234 999 4296 migne,
1016 4234 1067 4282 col.
1084 4237 1144 4282 1285
1159 4247 1199 4294 sq.
