3248 5052
334 499 387 554 646
691 503 734 552 DE
754 502 859 553 SACRA
878 500 1105 552 ORDlNATlONE

334 645 485 726 loquitur,
508 645 598 725 cujus
621 645 715 703 animi
737 651 840 703 essent
862 644 892 702 in
916 643 1085 702 Ecclesiam
1108 641 1293 700 catholicam
1315 649 1458 700 auctores

335 741 504 813 OrdinaliS,
523 760 602 820 quos
618 739 808 799 adsciverint
830 739 968 798 fautores
988 738 1026 797 de
1046 737 1245 797 heterodoxis
1267 737 1373 810 scetis,
1395 757 1458 817 quo

333 837 458 896 demum
486 835 614 895 consilia
642 857 695 895 sua
725 835 889 895 referrent.
919 835 1017 893 Nimis
1042 834 1201 893 enimvero
1230 834 1362 892 scientes
1388 854 1457 912 quae

334 932 531 992 necessitudo
547 933 628 991 inter
644 931 735 991 tidem
747 939 778 990 et
791 931 922 1004 cultum,
937 931 1018 990 inter
1034 930 1135 1012 leqem
1146 927 1297 988 credendi
1310 937 1341 987 et
1357 929 1459 1010 leqem

334 1027 539 1109 supplicandi
554 1028 743 1102 intercedat,
764 1027 897 1105 liturgiae
918 1026 1074 1098 ordinem,
1092 1026 1194 1106 specie
1213 1025 1339 1105 quidem
1357 1025 1459 1084 redin-

334 1125 493 1202 tegrandae
518 1125 585 1206 ejus
611 1125 718 1184 torma·
742 1123 915 1204 primaevae,
939 1123 976 1182 ad
1001 1143 1121 1182 errores
1144 1129 1329 1180 novatorum
1353 1121 1459 1180 multis

334 1221 434 1280 modis
454 1221 681 1280 deformarunt.
702 1219 910 1288 Quamobrem
932 1227 999 1278 toto
1019 1217 1158 1277 Ordinali
1179 1238 1240 1275 non
1262 1216 1354 1275 modo
1374 1217 1459 1275 nulla

334 1325 380 1376 est
405 1323 512 1398 aperta
537 1318 654 1376 mentio
676 1316 817 1376 sacrificii
841 1315 1008 1386 ollerendi;
1032 1315 1086 1373 sed
1109 1315 1203 1372 immo
1226 1314 1329 1372 omnia
1352 1312 1460 1392 hujus-

334 1413 417 1472 modi
443 1433 546 1472 rerum
569 1413 717 1490 vestigia,
743 1433 812 1492 quar
837 1417 1037 1490 superessent
1065 1411 1094 1468 in
1125 1409 1356 1490 precationibus
1380 1409 1459 1467 ritus

333 1509 478 1570 catholici
496 1531 556 1568 non
574 1509 664 1588 plane
684 1509 824 1590 rejectiS,
840 1507 961 1566 sublata
977 1515 1007 1566 et
1025 1505 1126 1566 deleta
1142 1514 1214 1565 sunt
1230 1505 1268 1564 de
1288 1505 1456 1574 industria,

334 1605 418 1686 quod
435 1625 528 1684 supra
543 1605 713 1684 attigimus.
728 1605 774 1664 lta
789 1625 845 1684 per
859 1625 891 1662 se
904 1611 1035 1684 apparet
1051 1603 1157 1661 nativa
1171 1601 1328 1661 Ordinalis
1339 1601 1458 1659 indoles

334 1721 370 1761 ac
385 1701 529 1782 spiritus,
547 1701 593 1760 uti
613 1701 797 1780 loquuntur.
822 1700 902 1760 lline
923 1719 998 1758 vero
1019 1699 1057 1758 ab
1078 1699 1197 1776 origine
1213 1698 1309 1757 ducto
1323 1698 1415 1769 vitio,
1431 1697 1457 1756 si

333 1798 437 1856 valere
448 1797 486 1856 ad
501 1818 590 1856 usum
604 1796 836 1856 ordinationum
851 1797 976 1855 minime
990 1796 1103 1876 potuit,
1117 1815 1313 1875 nequaquam
1327 1793 1457 1853 decursu

334 1901 478 1966 artatum,
495 1914 566 1952 cum
588 1893 650 1952 tale
670 1894 771 1973 ipsum
792 1893 1014 1973 permanserit,
1033 1891 1173 1950 futurum
1195 1891 1254 1950 luit
1274 1897 1310 1950 ut
1329 1890 1456 1948 valeret.

333 1993 437 2070 Atque
453 1989 497 2049 illi
517 1996 650 2068 egerunt
668 1990 783 2049 trustra
798 1989 853 2070 qui
873 1989 944 2048 inde
959 2009 975 2047 a
997 1987 1191 2068 temporibus
1207 1986 1311 2046 Caroli
1328 1987 1339 2044 l
1356 1985 1458 2044 conati

333 2093 407 2172 sunt
425 2086 591 2146 admittere
610 2086 727 2165 aliquid
749 2085 891 2145 sacrificii
913 2093 945 2144 et
959 2083 1138 2152 sacerdotii,
1157 2083 1307 2141 nonnulla
1328 2083 1399 2141 dein
1420 2081 1459 2140 ad

334 2181 481 2242 Ordinale
497 2182 578 2242 laeta
595 2182 789 2253 accessione;
807 2181 985 2260 frustraque
1001 2179 1143 2238 similiter
1162 2178 1323 2238 contendit
1339 2198 1409 2258 pars
1424 2198 1460 2235 ea

333 2279 577 2356 Anglicanorum
597 2298 659 2337 non
679 2278 722 2337 ita
742 2299 869 2355 magna,
887 2276 1060 2336 recentiore
1085 2283 1224 2354 tempore
1244 2273 1372 2345 coalita,
1391 2293 1459 2354 quae

334 2375 506 2434 arbitratur
521 2395 611 2454 posse
627 2373 707 2433 idem
725 2373 872 2432 Ordinale
890 2372 927 2432 ad
949 2393 1054 2432 sanam
1076 2379 1255 2451 rectamque
1276 2370 1459 2429 sententiam

335 2471 465 2549 intelligi
487 2477 518 2530 et
541 2469 665 2530 deduci.
685 2471 788 2542 Vana,
816 2470 990 2550 inquimus,
1013 2467 1100 2527 suere
1127 2477 1157 2526 et
1181 2475 1254 2526 sunt
1282 2464 1460 2546 hujusmodi

335 2574 461 2640 conata;
484 2566 578 2646 idque
598 2567 656 2625 hac
672 2567 765 2625 etiarn
780 2565 819 2625 de
839 2586 947 2638 causa,
964 2563 1064 2644 quod,
1082 2565 1105 2621 si
1127 2585 1187 2643 qua
1208 2562 1334 2643 quidem
1350 2561 1459 2632 verba,

336 2664 366 2720 in
387 2662 527 2722 Ordinali
549 2662 712 2740 anglicano
736 2669 771 2722 ut
790 2682 872 2722 nunc
893 2669 955 2734 est,
977 2660 1139 2742 porrigant
1161 2681 1192 2718 se
1214 2660 1244 2717 in
1265 2659 1459 2736 ambiguum,

336 2781 371 2818 ea
388 2766 492 2818 tamen
507 2779 630 2818 sumere
645 2779 769 2818 sensum
782 2757 926 2818 eumdem
942 2764 1103 2837 nequeunt
1114 2777 1206 2837 quem
1223 2755 1339 2814 habent
1354 2755 1384 2812 in
1400 2754 1460 2812 ritu

337 2854 503 2915 catholico.
523 2855 602 2914 Nam
618 2855 712 2914 semel
728 2862 844 2914 novato
860 2855 933 2926 ritu,
952 2861 987 2912 ut
1001 2854 1146 2924 vidimuS,
1163 2873 1226 2932 quo
1242 2871 1353 2930 nempe
1369 2869 1462 2928 nege-

337 2958 389 3010 tur
404 2951 453 3010 vel
469 2951 665 3010 adulteretur
684 2959 912 3010 sacramentum
929 2950 1062 3019 ordiniS,
1080 2957 1111 3007 ct
1127 2971 1143 3007 a
1159 2969 1222 3028 quo
1237 2948 1355 3028 quaevis
1376 2945 1462 3005 notio

338 3047 502 3128 repudiata
529 3049 568 3106 sit
590 3047 834 3106 consecrationis
856 3054 888 3105 et
912 3046 1071 3117 sacrificii,
1095 3045 1160 3124 jam
1188 3043 1314 3102 minime
1341 3049 1463 3102 constat

339 3144 493 3203 lormula:
519 3144 637 3225 Accipe
657 3142 814 3225 Spiritum
835 3142 1001 3218 Sanctum,
1024 3141 1077 3221 qui
1100 3141 1249 3221 Spiritus,
1273 3161 1342 3198 eum
1366 3137 1463 3216 gratia

339 3240 485 3298 nimirum
502 3241 697 3312 sacramenti,
712 3241 742 3298 in
758 3240 893 3299 animam
910 3237 1100 3308 infunditur;
1118 3237 1307 3316 minimeque
1320 3241 1464 3294 constant

339 3337 435 3396 verba
451 3337 503 3395 illa
518 3335 560 3395 ed
575 3335 719 3417 officium
733 3341 762 3394 et
778 3355 855 3416 opus
866 3332 1060 3416 presbyteri,
1075 3334 1122 3392 vel
1137 3331 1277 3413 episcopi
1289 3353 1324 3391 ac
1340 3331 1463 3402 similia,

340 3455 410 3514 quae
430 3439 549 3491 restant
564 3432 690 3492 nomina
709 3431 775 3490 sine
796 3451 938 3512 requam
958 3429 1094 3488 instituit
1110 3428 1265 3487 Christus.
1284 3428 1385 3508 Hujus
1400 3426 1465 3484 vim

342 3527 517 3608 argumenti
534 3535 727 3606 perspectam
743 3527 803 3605 ipsi
818 3527 936 3586 habent
953 3525 1093 3606 plerique
1108 3523 1283 3603 Anglieani,
1300 3524 1466 3583 observan-

342 3626 437 3684 tiores
450 3624 608 3683 Ordinalis
619 3623 821 3703 interpretes,
834 3643 928 3704 quam
943 3643 1004 3680 non
1015 3621 1249 3680 dissimulanter
1259 3621 1301 3678 eis
1313 3619 1467 3699 objiciunt

342 3721 396 3801 qui
417 3741 497 3780 nove
518 3720 619 3800 ipsum
641 3720 898 3800 interpretanteS,
916 3717 1078 3778 ordinibus
1098 3717 1170 3776 inde
1190 3715 1311 3776 collatis
1331 3713 1466 3794 pretium

341 3817 553 3896 virtutemque
573 3837 636 3875 non
657 3837 744 3876 suam
767 3837 821 3895 spe
842 3835 920 3874 vana
941 3815 1104 3892 affingunt.
1128 3811 1245 3872 Eodem
1266 3831 1358 3891 porro
1377 3829 1468 3887 argu-

342 3921 448 3972 mento
469 3913 518 3971 vcl
540 3934 601 3972 uno
621 3911 698 3972 illud
719 3912 813 3972 etiam
833 3911 967 3982 corruit,
984 3909 1181 3990 opinantium
1203 3908 1342 3988 possein
1363 3904 1468 3984 legiti-

343 4029 424 4070 mam
445 4008 562 4068 ordinis
584 4009 714 4068 lormam
737 4008 879 4066 sulficere
901 4007 1127 4086 precationem,
1147 4003 1350 4084 Omnipotens
1366 4001 1466 4077 Deus,

267 4119 269 4125 “
342 4104 497 4165 bonorum
508 4104 650 4164 omnium
664 4103 809 4186 terpitor,
828 4125 896 4184 quae
913 4103 970 4162 sub
985 4102 1108 4160 initium
1124 4109 1171 4160 est
1187 4099 1306 4159 ritualis
1322 4097 1466 4169 actionis,

343 4202 464 4262 etiamsi
480 4201 561 4260 sorte
580 4200 688 4261 haberi
708 4221 743 4259 ea
763 4207 868 4280 posset
889 4207 1036 4278 tanquam
1052 4197 1210 4256 sufficiens
1228 4196 1259 4254 in
1279 4196 1340 4253 ritu
1361 4193 1469 4274 aliquo

343 4297 499 4357 catholico
515 4317 606 4377 quem
620 4297 756 4357 Ecclesia
769 4295 941 4376 probasset.
956 4293 1034 4354 Cum
1049 4293 1108 4352 hoc
1123 4293 1219 4372 igitur
1234 4292 1343 4352 intimo
1355 4289 1469 4370 formae
