3248 5052
492 1293 495 1300 ·
529 1251 891 1320 DOCUMENTUM
923 1252 974 1318 IV

237 1494 404 1555 Decretum
421 1494 454 1556 S.
471 1495 735 1580 Congrcgationis
750 1494 982 1576 Episcoporum
996 1501 1026 1556 et
1041 1492 1265 1578 Regularium,

634 1592 653 1651 ⁴l
667 1612 740 1652 nov.
760 1594 836 1652 1892
846 1591 868 1652 ¹.

225 1917 334 1977 Auctis
356 1916 524 1976 admodum
547 1938 585 1976 ex
606 1916 754 1996 singulari
775 1918 833 1977 Dei
856 1917 1006 1978 beneficio
1027 1922 1173 1976 votorum
1195 1913 1315 1994 simpli-

185 2014 268 2073 cium
289 2013 454 2086 institutis,
477 2014 522 2072 uti
546 2013 645 2074 multa
669 2013 740 2073 inde
764 2013 846 2074 bona
868 2014 1023 2086 oriuntur,
1045 2013 1088 2072 ita
1108 2012 1211 2092 aliqua
1232 2010 1313 2091 parit

186 2108 383 2169 incommoda
403 2109 502 2171 facilis
523 2109 721 2170 alumnorum
744 2109 923 2190 hujusmodi
946 2110 1130 2170 societatum
1153 2127 1311 2187 egressuS‚

185 2213 216 2266 et
231 2225 436 2286 consequens,
451 2226 488 2265 ex
500 2206 571 2286 jure
585 2207 767 2280 constituto,
782 2226 940 2284 regressus
953 2207 985 2264 in
1000 2205 1159 2265 dioecesim
1173 2203 1310 2282 originis.

187 2301 263 2361 Haec
287 2311 391 2361 autem
415 2303 558 2382 graviora
582 2302 679 2362 elficit
703 2303 921 2382 temporalium
946 2302 1099 2361 bonorum
1124 2301 1227 2380 inopia
1251 2320 1312 2380 qua

185 2419 268 2458 nunc
284 2397 421 2458 Ecclesia
441 2399 604 2479 premitur,
622 2398 704 2458 unde
720 2398 858 2478 episcopi
878 2419 959 2478 saepe
974 2398 1138 2478 providere
1154 2401 1312 2477 nequeunt
1370 2417 1372 2422 ·

185 2502 220 2554 ut
234 2493 278 2554 illi
293 2495 389 2554 vitam
406 2495 535 2555 honeste
550 2495 726 2555 traducant.
745 2495 836 2567 Haec,
853 2494 974 2575 aliaque
990 2494 1020 2553 id
1035 2515 1148 2574 genus,
1165 2493 1258 2553 etiam
1273 2491 1311 2551 de

183 2591 317 2650 alumnis
342 2590 486 2650 ordinum
513 2598 659 2650 votorum
686 2591 888 2664 solemnium,
914 2589 1141 2671 perpendentes
1168 2587 1311 2649 nonnulli

184 2687 262 2746 sacri
282 2687 422 2746 locorum
443 2687 613 2760 antistiteS,
630 2708 686 2766 pro
702 2687 903 2747 ecclesiastici
923 2687 1040 2746 ordinis
1060 2686 1171 2747 decore
1191 2693 1223 2746 et
1237 2685 1311 2744 fide·

183 2783 259 2842 lium
284 2783 504 2856 aedificatione‚
526 2783 564 2842 ab
589 2784 759 2862 apostolica
780 2783 859 2842 Sede
884 2784 981 2842 enixis
1005 2783 1149 2863 precibus
1173 2781 1310 2863 postula·

182 2887 271 2953 runt,
295 2880 466 2940 remedium
491 2879 618 2960 aliquod
642 2879 793 2940 adhiberi.
820 2879 901 2940 Cum
924 2901 999 2959 ergo
1024 2887 1124 2939 totum
1149 2879 1309 2958 negotium

182 2977 274 3035 SS¹¹¹¹¹⁸
288 2977 328 3036 D.
351 2977 389 3035 N.
412 2978 473 3036 Leo
495 2975 556 3036 ΡΡ.
579 2976 654 3034 Xlll
669 2976 834 3037 detulisset
853 2977 954 3037 Sacrae
974 2977 1047 3036 huic
1067 2975 1309 3054 Congregationi
1411 3005 1413 3014 ·

181 3071 407 3152 Episcoporum
433 3081 464 3131 et
484 3072 687 3151 Regularium
713 3074 846 3152 negotiis
871 3081 902 3132 et
925 3072 1207 3133 consultationibus
1232 3091 1309 3151 prae-

181 3169 308 3246 positae,
332 3169 399 3228 Em.
424 3167 532 3228 Patres
559 3169 591 3227 in
617 3176 775 3228 conventu
798 3169 937 3249 plenario
962 3169 1068 3228 habito
1095 3169 1127 3254 in
1151 3167 1319 3228 Vaticanis·

181 3263 300 3324 aedibus
315 3265 364 3324 dic
380 3267 418 3324 29
434 3285 531 3325 mens.
549 3266 673 3343 augusti
688 3266 760 3325 anni
779 3268 870 3339 1892,
887 3266 1005 3346 praevio
1025 3273 1147 3326 maturo
1167 3265 1308 3325 examine

180 3381 215 3420 ac
240 3360 448 3434 discussione,
475 3381 690 3442 perpensaque
716 3362 860 3422 universa
887 3363 931 3422 rei
955 3363 1090 3435 ratione,
1116 3369 1307 3442 opportunas

179 3457 270 3517 edere
297 3465 485 3518 censuerunt
510 3458 731 3537 dispositiones
758 3479 814 3538 per
839 3457 982 3538 generale
1006 3459 1167 3518 decretum
1192 3457 1307 3539 ubique

178 3553 318 3614 locorum
348 3555 507 3634 perpetuis
540 3554 653 3613 suturis
687 3555 880 3634 temporibus
914 3555 1092 3618 servandas.
1124 3554 1207 3622 Quas
1235 3575 1306 3614 cum

178 3649 233 3709 SS.
252 3649 291 3709 D.
309 3650 348 3710 N.
370 3649 400 3708 in
420 3649 576 3709 audientia
595 3650 627 3710 d.
649 3649 686 3709 23
706 3657 786 3730 sept.
804 3649 898 3732 hujus
917 3651 988 3711 anni
1011 3653 1086 3710 1892
1106 3650 1305 3729 infrascripto

177 3746 343 3805 secretario
355 3745 486 3824 benigne
499 3745 655 3825 impertita
667 3747 799 3826 probare
810 3753 841 3807 et
852 3747 1035 3807 confirmare
1044 3747 1189 3826 dignatus
1198 3746 1303 3818 luerit,

176 3861 212 3901 ea
231 3863 301 3922 quae
320 3849 494 3922 sequuntur
514 3863 569 3922 per
588 3863 724 3922 praesens
744 3843 903 3903 decretum
928 3843 1099 3924 apostolica
1118 3843 1304 3903 auctoritate

176 3945 357 3997 statuuntur
371 3945 403 3997 et
417 3939 640 3999 decernuntur.

216 4033 240 4093 l.
268 4034 378 4094 Firmis
408 4035 641 4094 remanentibus
664 4036 887 4095 constitutione
912 4037 945 4097 S.
971 4036 1018 4096 Pii
1043 4037 1071 4096 V
1092 4037 1153 4096 diei
1179 4036 1216 4095 14
1239 4043 1300 4096 oct.

174 4131 246 4189 anni
266 4131 351 4203 1568,
369 4131 528 4210 incipient.
548 4131 708 4191 Romanus
723 4131 888 4214 Pontifex,
907 4139 938 4192 et
953 4129 1163 4193 declaratione
1179 4153 1222 4192 sa.
1240 4153 1300 4193 me.

207 4291 214 4322 ¹
232 4291 298 4339 Acta
313 4291 337 4340 S.
354 4291 437 4348 Sedis,
455 4297 474 4341 t.
491 4308 552 4352 xxv,
570 4308 595 4355 p.
605 4297 669 4349 ·312;
687 4321 716 4328 -
733 4292 889 4350 Canoniste,
907 4296 926 4342 t.
942 4309 995 4352 xvi,
1013 4310 1038 4357 p.
1055 4299 1093 4344 83.
