3248 5052
351 481 402 533 620
707 483 750 533 DE
770 483 872 534 sacnti
893 485 1119 534 OllDlNd'llONE

350 625 455 685 sacculi
475 647 524 685 xm
548 647 605 685 usu
625 625 731 686 venire
757 627 868 706 coepit,
892 625 1028 700 obtinet,
1050 647 1120 685 cum
1143 625 1335 685 ordinandus
1360 625 1474 686 talibus

349 721 439 780 bonis
456 723 549 782 certis
571 721 735 782 stabilibus
755 743 790 781 ac
812 721 987 801 lrugileris,
1010 721 1134 782 aliunde
1156 743 1248 803 quam
1273 721 1313 780 ab
1336 721 1471 782 Ecclesia

349 817 621 897 provenientibuS,
642 823 690 877 est
706 817 893 890 instructus,
915 838 985 898 quas
1008 818 1046 877 ad
1067 839 1235 897 congruam
1256 817 1324 898 ejus
1348 827 1472 877 susten-

349 915 497 974 tationem
524 913 667 974 sulficere
694 914 831 994 episcopi
857 913 977 993 judicio
1006 922 1202 974 censeantur.
1229 914 1277 972 Ad
1306 913 1471 993 praelatum

347 1009 468 1070 accedit
492 1009 601 1068 titulus
622 1008 800 1090 pensionis,
822 1030 892 1090 quae
913 1031 975 1068 non
995 1009 1089 1068 modo
1113 1009 1151 1068 ad
1174 1031 1344 1088 congruam
1367 1010 1470 1069 clerici

346 1104 524 1164 alimoniam
547 1105 704 1178 sulficere,
727 1105 780 1164 sed
804 1113 835 1164 et
854 1113 1005 1186 perpetua
1025 1127 1092 1164 esse
1112 1105 1215 1164 debet.
1233 1107 1336 1186 Atque
1356 1105 1387 1163 bi
1406 1105 1472 1164 duo

346 1201 429 1260 tituli
453 1201 690 1262 extraordinarii
714 1201 860 1262 censendi
886 1209 973 1274 sunt,
1000 1223 1035 1260 ac
1059 1201 1156 1262 veluti
1177 1222 1215 1260 ex
1239 1202 1470 1280 dispensatione

345 1297 564 1369 admittuntur,
585 1298 610 1356 si
630 1299 776 1356 nimirum
796 1298 961 1378 episcopus
982 1318 1038 1376 pro
1054 1296 1192 1358 ecclesian
1211 1299 1395 1358 necessitate
1415 1307 1468 1358 aul

344 1393 509 1454 commodo
525 1393 659 1475 aliquem
675 1395 718 1454 ita
734 1393 939 1453 ordinandum
960 1415 1027 1454 esse
1040 1394 1229 1475 judicaverit
1244 1398 1350 1470 (conc.
1367 1395 1467 1467 Trid.,

344 1491 403 1550 loc.
420 1489 486 1568 cit,
505 1498 536 1550 et
551 1490 627 1550 Ben.
646 1489 730 1564 XlV,
748 1489 826 1550 Inst.
843 1489 933 1552 Eccl.
952 1490 1069 1564 XXVI,
1086 1511 1115 1550 n.
1137 1494 1147 1548 1
1168 1498 1200 1550 et
1214 1491 1260 1567 3).

381 1589 410 1648 3.
434 1586 669 1647 Ecclesiasticus
688 1607 764 1646 vero
786 1586 894 1646 titulus
913 1587 943 1645 in
964 1585 1183 1667 beneficialem
1203 1586 1413 1648 subdividitur
1432 1609 1467 1648 ac

337 1681 551 1765 paupertatis,
569 1683 683 1764 quibus
698 1683 766 1742 aliae
780 1683 923 1764 quaedam
939 1683 1036 1742 veluti
1053 1683 1244 1742 subsidiariae
1259 1691 1353 1764 atque
1366 1691 1466 1744 extra·

340 1779 503 1838 ordinariae
518 1780 637 1860 speeies
652 1778 835 1860 adjiciendae
846 1787 930 1852 sunt,
939 1779 1021 1838 tituli
1032 1800 1141 1858 nempe
1151 1800 1265 1839 mensae
1277 1779 1462 1857 communis,
1525 1813 1528 1820 .

339 1883 432 1956 atque
454 1874 578 1934 seruitii
597 1874 751 1950 ecclesiae,
776 1874 952 1952 missionis,
974 1875 1177 1956 sufficientiae
1197 1883 1228 1934 et
1246 1874 1386 1956 cellapii.
1411 1876 1462 1936 Est

338 1979 442 2030 autem
457 1971 566 2030 titulus
580 1971 720 2031 beneficii
729 1971 781 2052 jus
790 1979 975 2052 perpetuum
989 1973 1180 2053 percipiendi
1191 1972 1311 2031 fructus
1324 1993 1361 2031 ex
1375 1971 1463 2031 bonis

338 2067 484 2126 Ecclesiae
499 2076 628 2148 propter
642 2068 779 2128 officium
796 2067 923 2150 aliquod
939 2069 1115 2147 spirituale,
1133 2067 1341 2128 ecclesiastica
1358 2077 1463 2128 aucto-

337 2164 428 2224 ritate
453 2165 675 2235 constitutum;
698 2172 791 2246 atque
815 2165 865 2225 hic
889 2164 1065 2224 ordinarius
1092 2186 1127 2224 ac
1153 2165 1330 2244 praecipuus
1353 2165 1462 2224 titulus

336 2281 431 2320 sacras
447 2260 652 2320 ordinationis
671 2260 732 2320 dici
748 2261 841 2320 debet
852 2261 874 2320 ¹.

374 2357 403 2417 4.
425 2356 623 2436 Paupertatis
648 2377 722 2416 vero
746 2357 857 2417 titulus
877 2358 908 2416 in
930 2357 1074 2436 religiosa
1099 2357 1290 2436 professione
1314 2365 1360 2416 est
1380 2359 1461 2436 posi·

333 2460 399 2524 ῑυε,
416 2453 447 2512 vi
466 2455 556 2533 cujus
576 2453 630 2534 qui
651 2454 800 2513 solemnia
818 2463 891 2513 vota
908 2454 938 2512 in
959 2453 1089 2533 probata
1107 2453 1257 2532 religione
1273 2455 1458 2524 emiserunt,

332 2549 380 2607 vel
397 2570 435 2608 ex
449 2549 601 2608 reditibus
617 2549 783 2626 bonorum,
796 2550 820 2608 si
833 2571 892 2630 qua
908 2551 1039 2629 ipsamet
1055 2550 1162 2628 religio
1179 2549 1347 2628 possideat,
1361 2549 1409 2608 vel
1422 2570 1458 2608 ex

331 2645 389 2724 piis
409 2645 547 2704 fidelium
567 2645 800 2725 largitionibuS,
817 2647 920 2705 omnia
937 2647 1113 2705 communia
1135 2645 1251 2704 habent
1270 2665 1403 2725 quorum
1420 2645 1457 2704 ad

331 2741 425 2800 vitam
449 2741 592 2800 alendam
615 2741 766 2820 indigent.
789 2742 888 2810 Quem
914 2763 987 2801 vero
1009 2751 1124 2801 vocant
1148 2741 1323 2800 communis
1345 2761 1459 2801 mensae

332 2837 459 2911 titulus,
477 2859 530 2897 eos
545 2838 675 2897 clericos
691 2839 816 2918 attingit
831 2839 899 2920 qui,
918 2838 1132 2916 religiosorum
1150 2859 1235 2896 more
1250 2838 1281 2896 in
1301 2839 1458 2897 communi

330 2935 402 2992 vitae
416 2933 580 3014 disciplina
594 2934 754 3014 degentes,
769 2943 824 2994 aut
839 2934 923 2994 nulla
939 2941 1122 3014 nuncupant
1139 2941 1220 3007 vola,
1239 2943 1292 2993 aut
1306 2934 1456 3014 simplicia

330 3038 469 3104 tantum,
496 3029 688 3110 proindeque
711 3051 727 3089 c
749 3029 843 3089 domo
867 3029 1010 3109 religiosa
1036 3031 1119 3089 exire
1139 3039 1193 3090 aut
1212 3031 1343 3102 dimitti,
1363 3039 1458 3111 atque

271 3153 274 3162 ·
330 3125 368 3186 ad
391 3126 538 3185 saeculum
561 3127 661 3186 redire
683 3127 918 3205 permittuntur.
946 3127 1054 3206 Neque
1079 3127 1159 3185 enim
1185 3127 1223 3185 ad
1246 3145 1299 3185 eos
1323 3127 1457 3205 pertinet

330 3221 440 3282 titulus
462 3223 654 3302 paupertatis
677 3229 712 3281 ut
732 3243 770 3281 ex
797 3231 897 3282 const.
925 3223 1085 3281 Romanus
1113 3222 1264 3303 Pontifex
1287 3221 1385 3300 (prid.
1413 3222 1455 3281 id.

330 3319 449 3379 octobr.
471 3321 560 3394 1568)
575 3320 606 3378 S.
621 3319 666 3376 Pii
680 3319 708 3375 V
719 3318 897 3378 deducitur.
913 3319 1029 3377 Verum
1046 3339 1083 3376 ex
1099 3317 1182 3377 hisce
1199 3317 1318 3378 clericis
1334 3319 1355 3376 ii
1369 3319 1459 3377 dum-

330 3423 416 3474 taxat
432 3416 605 3474 communis
625 3435 739 3474 mensae
757 3413 847 3474 titulo
867 3415 1044 3494 promoveri
1065 3413 1102 3472 ad
1124 3435 1226 3474 sacros
1247 3415 1372 3474 ordines
1386 3435 1460 3494 pos·

294 3540 297 3548 ·
331 3518 414 3586 sunt,
430 3531 562 3591 quorum
579 3510 845 3590 Congregationcs
861 3519 914 3569 aut
930 3511 1077 3570 Instituta
1093 3511 1241 3590 peculiari
1257 3510 1295 3569 ad
1311 3511 1341 3569 id
1358 3512 1457 3590 privi-

330 3607 411 3686 legio
427 3607 465 3666 ab
481 3608 652 3688 apostolica
668 3607 746 3666 Sede
762 3615 852 3666 aucta
869 3607 995 3666 suerint.

371 3704 400 3764 5.
421 3703 544 3763 Titulus
568 3702 691 3764 servitii
713 3701 866 3778 ecclesie,
891 3703 943 3783 qui
966 3703 1038 3761 olim
1062 3701 1238 3762 ordinarius
1257 3711 1339 3776 erat,
1363 3712 1459 3782 prout

331 3821 425 3880 supra
441 3800 624 3860 adnotatum
640 3800 711 3874 suit,
726 3807 758 3859 et
772 3806 880 3879 postea
895 3799 994 3858 evasit
1009 3799 1289 3872 extraordinarium
1307 3799 1344 3858 iis
1359 3821 1459 3881 quan-

331 3896 433 3977 doque
453 3896 646 3970 conceditur,
663 3897 732 3976 qui,
750 3917 821 3956 cum
842 3895 992 3955 beneficio
1008 3896 1217 3955 ecclesiastico
1237 3895 1286 3954 vel
1307 3897 1459 3975 pensione

330 4001 472 4065 careant,
489 4001 543 4052 aut
557 3992 784 4072 patrimonialia
800 3991 921 4072 aliaque
942 3991 1022 4050 bona
1042 4013 1103 4050 non
1119 3991 1312 4072 possideant,
1329 4013 1366 4051 ea
1388 3991 1459 4072 lege

331 4089 525 4162 ordinantur,
548 4097 582 4148 ut
602 4088 694 4148 alicui
714 4087 852 4148 ecclesiae
873 4087 935 4147 sint
954 4088 1138 4166 mancipati,
1160 4109 1197 4146 ex
1217 4087 1307 4168 cujus
1328 4089 1459 4148 servitio

361 4297 369 4328 ¹
389 4296 509 4358 Fagnsn‚
526 4297 553 4344 in
569 4311 628 4358 cap.
646 4295 903 4358 1v‚Depraebend.,
921 4309 946 4343 n.
963 4299 1000 4342 at.
