3316 5052
364 467 415 522 ³³8
630 469 674 520 DE
693 469 832 522 LEGIBUS
851 471 965 522 SACRAE
983 473 1219 524 cnnlna'rronls

363 621 429 694 tur,
452 616 517 678 nisi
535 616 636 698 prins
656 615 804 699 lepitime
827 623 953 680 constet
971 638 1049 680 eum
1073 617 1271 701 beneficium
1290 619 1488 684 ecclesiasti-

362 751 456 812 cum,
477 730 570 816 quod
587 728 652 793 sibi
671 731 716 792 ad
735 730 860 792 vietum
881 729 1016 794 honeste
1038 733 1206 816 sufficiat,
1224 733 1364 817 pacifice
1378 735 1486 818 possi·

361 845 451 908 dere.
486 871 503 903 »
540 842 629 908 Hinc
666 865 735 907 non
768 843 894 908 sufficit
926 845 1124 929 promissio,
1156 867 1217 910 nec
1248 849 1484 930 praesentatio,

360 959 429 1022 imo
461 979 525 1022 nee
551 957 624 1044 ipsa
657 959 824 1022 institutio
862 980 922 1022 seu
952 958 1086 1024 collatio
1120 959 1192 1024 sine
1225 967 1324 1048 capta
1354 983 1486 1046 posses-

359 1073 461 1137 sione.

406 1185 445 1251 B.
466 1184 513 1250 Ut
536 1185 581 1248 sit
600 1185 739 1269 pacifice
762 1179 977 1271 possessumi
991 1223 1036 1234 --
1055 1185 1200 1250 Constat
1222 1186 1342 1250 eodem
1365 1193 1481 1267 textu;

358 1299 437 1365 hinc
456 1299 638 1387 requiritur
656 1305 695 1362 ut
713 1319 782 1362 non
802 1297 846 1362 sit
860 1297 903 1362 lis
922 1321 1024 1386 super
1036 1297 1191 1364 beneficii
1206 1301 1410 1388 proprietate
1424 1307 1482 1366 aut

357 1413 585 1502 possessione.

403 1528 441 1594 C.
465 1528 510 1592 Ut
529 1529 573 1591 ad
587 1527 713 1591 victum
727 1527 840 1591 elerici
856 1527 990 1590 honeste
1003 1529 1178 1612 sufficiat‚·
1196 1533 1276 1592 sunt
1291 1528 1363 1615 ipsa
1378 1526 1481 1592 verba

356 1641 501 1707 concilii.
519 1679 563 1690 -
578 1641 629 1705 De
648 1663 715 1728 quo
734 1639 915 1705 dicendum
933 1659 941 1706 :
964 1643 995 1704 l.
1018 1640 1144 1720 Quanti
1162 1641 1378 1728 requirantur
1396 1641 1482 1706 redi·

355 1763 411 1821 tus
430 1755 658 1836 beneficiales,
675 1761 714 1819 ut
734 1753 903 1818 sufficiant
921 1755 964 1818 ad
983 1754 1161 1819 honestam
1175 1753 1290 1820 clerici
1308 1761 1481 1820 sustenta-

354 1869 498 1948 tionem,
527 1889 596 1932 non
622 1867 878 1948 determinavit,
906 1889 968 1932 nec
994 1865 1220 1932 determinare
1245 1868 1356 1954 potuit
1382 1891 1477 1934 conc.

354 1983 445 2048 Trid.
465 2001 472 2049 :
495 2005 570 2070 quse
590 1979 827 2046 determinatio
850 1979 991 2068 proinde
1015 1980 1168 2046 facienda
1191 1981 1309 2046 relicta
1333 1988 1386 2046 est
1408 1982 1481 2070 epi·

353 2097 477 2185 scopis.
500 2096 631 2160 Revera
656 2095 769 2159 solent
788 2095 955 2182 episcopi,
976 2095 1049 2159 sive
1068 2095 1103 2158 in
1123 2095 1272 2181 synodo,
1293 2095 1364 2160 sive
1384 2101 1479 2160 extra

352 2209 538 2297 synodum,
560 2209 777 2296 praescribere
801 2231 970 2273 summam
993 2207 1186 2274 libellorum
1210 2233 1284 2297 quae
1308 2209 1480 2274 sufficiens

352 2331 530 2389 censeatur
560 2321 603 2386 ad
633 2323 812 2387 honestam
841 2323 1040 2388 clericorum
1069 2323 1371 2404 sustentationem
1402 2346 1481 2410 quae

352 2443 493 2502 vocatur
524 2445 602 2500 taxa
632 2435 806 2522 synodalis
838 2435 939 2524 (licet
971 2445 1067 2498 ostra
1100 2437 1270 2520 synodum
1298 2437 1474 2524 praelixa);

352 2575 426 2638 quae
446 2552 475 2614 si
494 2550 715 2632 desideretur,
737 2549 867 2614 attendi
886 2549 987 2614 debet
1010 2549 1214 2614 consuetudo
1233 2550 1390 2615 dioecesis.
1412 2550 1480 2614 Hic

353 2665 506 2744 Parisiis,
529 2671 606 2729 taxa
631 2663 805 2750 synodalis
831 2669 883 2727 est
902 2663 966 2728 400
986 2661 1177 2726 libellorum
1199 2663 1282 2748 (400
1300 2665 1475 2752 francs)¹;

350 2779 484 2858 Romae,
503 2779 544 2844 60
564 2785 737 2842 scutorum
753 2777 1000 2841 romanorum¹.
1018 2775 1158 2841 Clarum
1173 2783 1225 2840 est
1239 2799 1339 2864 posse
1353 2775 1395 2842 ab
1408 2778 1478 2865 epi·

351 2915 453 2979 scopo
473 2893 559 2957 hanc
579 2899 693 2956 texam
713 2913 802 2954 novo
822 2897 951 2954 statuto
971 2889 1106 2971 mutari,
1124 2891 1263 2954 mutatis
1283 2898 1476 2980 temporum

350 3006 538 3094 adjunctis;
560 3027 660 3090 posse
684 3005 786 3068 etiam
810 3003 913 3068 aliam
932 3025 1007 3068 esse
1026 3025 1087 3091 pro
1113 3002 1245 3067 clericis
1263 3003 1299 3068 in
1318 3003 1472 3086 civitate,

350 3119 451 3183 aliam
470 3141 530 3206 pro
555 3117 686 3181 clericis
711 3117 780 3180 ruri
804 3115 1104 3181 commorantibus.
1126 3155 1170 3164 —
1189 3116 1222 3181 2.
1244 3117 1281 3182 Si
1300 3117 1472 3194 dioecesis,

350 3233 385 3296 in
404 3255 470 3320 qua
489 3230 641 3318 possidet
660 3231 803 3294 clericus
826 3229 1046 3311 beneficium,
1068 3229 1202 3294 diversa
1226 3231 1270 3294 sit
1294 3253 1313 3296 a
1338 3231 1474 3296 dioecesi

349 3345 407 3409 ubi
436 3345 527 3409 fovet
554 3343 778 3424 domicilium,
808 3351 842 3408 et
867 3351 955 3408 taxee
987 3343 1168 3429 synodales
1199 3345 1300 3409 etiam
1332 3345 1475 3410 diverse

349 3459 435 3540 sint,
453 3457 585 3523 attendi
603 3457 704 3522 debet
723 3465 803 3522 taxa
822 3457 978 3522 dioeccsis
997 3457 1033 3520 in
1053 3479 1120 3544 qna
1138 3455 1348 3522 domicilium
1372 3457 1475 3523 habet

349 3572 510 3652 clericus;
528 3571 575 3636 ibi
597 3572 688 3636 enirn
709 3570 954 3636 sustentandus
975 3571 1054 3650 erit,
1076 3577 1115 3634 ut
1133 3569 1263 3635 dictum
1281 3579 1334 3636 est
1353 3595 1473 3660 supra,

348 3683 408 3750 ubi
426 3683 589 3771 agebatur
604 3685 645 3750 de
669 3684 848 3766 beneficio,
875 3692 1038 3772 tanquam
1062 3683 1192 3748 ratione
1216 3685 1377 3750 sortiendi
1401 3686 1474 3774 epi-

349 3821 489 3888 scopum
517 3799 691 3886 proprium
715 3798 937 3863 ordinationis
967 3799 1019 3888 (n.
1046 3797 1131 3886 38).
1158 3837 1202 3846 -
1226 3800 1258 3864 3.
1285 3799 1322 3865 Si
1344 3801 1476 3864 reditus

348 3911 502 3978 beneficii
526 3936 594 3976 non
623 3911 793 3978 sufficiant
815 3913 915 4001 juxta
938 3919 1054 3976 taxam
1078 3911 1293 3997 synodalem,
1325 3913 1476 4001 suppleri

347 4035 508 4116 possunt,
534 4049 603 4091 non
626 4033 761 4091 tantum
784 4050 844 4114 per
866 4025 959 4090 aliud
982 4022 1200 4107 beneficium,
1229 4027 1319 4114 quod
1344 4027 1476 4092 clarum

379 4207 388 4241 ¹
407 4206 514 4256 Rituate
529 4205 696 4261 Parisiense,
713 4205 829 4253 Lutetiae
845 4205 1022 4262 Parisiorum,
1037 4209 1107 4262 1⁸³9,
1124 4221 1151 4270 p.
1167 4211 1225 4264 ³12,
1241 4209 1294 4254 tto.

379 4283 390 4318 ¹
407 4285 522 4347 Nempe,
542 4285 568 4332 in
584 4289 692 4331 moneta
706 4282 814 4344 gallice,
830 4288 874 4330 ³21
887 4283 918 4331 tr.
931 4287 969 4330 60.
