3316 5052
300 507 301 511 ,
355 459 408 514 274
578 527 582 540 ⁴
622 461 666 510 DE
685 461 825 514 LEGIBUS
844 462 957 514 SACRAE
976 463 1213 515 onntrtfflonts

354 603 534 670 nistrasset
557 603 591 668 in
616 603 734 670 ordine
757 604 814 668 vel
837 627 899 694 per
922 605 1048 672 saltum
1072 613 1226 695 recept0,
1251 605 1309 671 vel
1332 606 1476 684 omisso,

353 739 423 783 non
448 725 583 806 poterat
607 717 787 806 episcopus
815 701 1012 808 dispensabo
1041 721 1126 807 (nisi
1153 719 1267 785 forsan
1295 721 1384 785 bona
1411 721 1479 804 fide

353 832 597 915 ministrasset,
615 833 694 920 quia
713 839 795 898 tuno
815 855 883 899 non
902 833 968 900 fuit
986 835 1122 900 incursa
1140 833 1413 922 irregularitas);
1434 871 1478 882 —

353 947 387 1012 3.
418 943 456 1012 Si
485 967 554 1010 non
587 945 726 1034 praecise
759 946 1008 1030 ministrasset,
1038 947 1099 1013 sed
1128 954 1263 1013 tanturn
1293 947 1478 1036 recepisset

352 1059 506 1124 ordinem
532 1059 714 1141 omissum,
740 1067 875 1148 poterat
900 1061 1080 1150 episcopus
1106 1061 1326 1149 dispensam
1352 1062 1389 1125 in
1413 1061 1477 1125 hoo

352 1174 443 1240 enim
456 1197 538 1240 casu
552 1195 621 1238 non
636 1173 702 1238 fuit
715 1173 851 1240 incursa
866 1175 1099 1264 irregularitas
1109 1179 1131 1240 ¹.
1143 1215 1187 1225 —
1197 1175 1349 1254 Effectus
1364 1183 1477 1240 autem

351 1287 615 1376 dispensationis
634 1295 708 1354 erat
729 1295 769 1354 ut
793 1287 936 1354 clericus
962 1313 1022 1379 per
1048 1289 1174 1356 saltum
1193 1295 1370 1378 promotus
1393 1289 1477 1354 reci-

349 1424 429 1490 pere
447 1408 565 1490 posset
584 1400 738 1466 ordinem
759 1403 925 1468 omissum
943 1411 977 1468 et
996 1411 1078 1469 tunc
1097 1403 1291 1469 ministrare
1310 1404 1346 1467 in
1364 1403 1475 1467 omni-

349 1514 415 1582 bns
433 1513 621 1582 ordinibus.
1051 1585 1053 1592 ‚

393 1630 430 1694 2⁰
449 1630 565 1710 Nunc,
587 1630 621 1694 vi
639 1629 742 1695 bullen
766 1631 967 1716 Apostolicae
986 1631 1099 1715 Sedis,
1120 1639 1290 1698 mutatum
1312 1637 1364 1696 est
1385 1653 1473 1718 prea-

349 1743 457 1810 fatnm
473 1743 562 1832 jus:
1082 1813 1085 1820 ,

392 1882 425 1924 a.
446 1856 589 1924 Sublata
608 1864 661 1922 est
680 1857 770 1923 dicta
790 1859 985 1946 suspensio,
1007 1859 1043 1924 in
1063 1859 1120 1925 cit.
1142 1882 1217 1947 cap.
1238 1859 1315 1924 Tuae
1336 1859 1470 1942 litterar,

348 1978 525 2052 contenta,
549 1993 647 2054 nam,
668 1995 710 2036 ex
729 1993 797 2037 una
816 1980 929 2060 parte,
950 1995 1020 2038 non
1038 1973 1167 2038 inserta
1189 1979 1242 2038 est
1260 1971 1363 2037 bullae
1381 1972 1472 2058 Apo-

346 2086 469 2150 stolicae
493 2083 612 2169 Serm-
635 2109 677 2150 ex
700 2083 822 2168 altera,
849 2086 1032 2152 concilium
1054 2087 1161 2170 Trid.,
1187 2087 1304 2152 relatis
1328 2084 1470 2150 verbis:

350 2227 366 2260 o
392 2199 479 2266 Cum
501 2199 684 2286 promotis,
711 2207 790 2282 eto,
817 2223 991 2287 »poenam
1013 2201 1110 2266 iilam
1132 2223 1203 2266 non
1224 2201 1352 2266 directe
1374 2199 1470 2280 tulit,

347 2312 409 2378 sed
426 2320 577 2396 tantum,
595 2336 635 2378 ea
653 2313 831 2402 supposita
849 2337 891 2378 ex
910 2315 1050 2402 antiquo
1065 2315 1158 2403 jure,
1180 2320 1386 2403 potestatem
1405 2313 1472 2400 epi-

347 2449 450 2516 scopo
470 2427 638 2493 concessit
658 2428 693 2492 in
712 2451 752 2493 ea
771 2427 993 2515 dispensandi
1011 2429 1114 2494 certis
1132 2429 1167 2493 in
1188 2427 1355 2494 casibus².

390 2542 427 2609 b.
461 2542 629 2606 Remanet
658 2547 774 2606 tamen
804 2541 988 2630 prohibitio
1019 2541 1199 2608 exercendi
1229 2541 1384 2607 ordinem
1413 2565 1472 2630 per

347 2653 472 2722 saltum
496 2662 689 2743 receptum
705 2655 779 2752 haec
799 2657 890 2720 enirn
908 2655 1093 2744 prohibitio
1113 2656 1316 2745 supponitur
1335 2655 1472 2720 omnino

347 2793 388 2836 ex
417 2770 525 2835 relato
550 2793 623 2857 cap.
657 2769 734 2834 Tuae
760 2770 896 2854 litterae,
918 2771 954 2835 in
979 2793 1045 2859 quo
1069 2771 1183 2859 agitur
1206 2770 1249 2835 de
1272 2770 1395 2835 clerico
1415 2770 1473 2857 qui

345 2883 517 2972 inculpate
541 2883 758 2948 diaconatum
782 2883 959 2966 omiserat,
986 2885 1113 2972 quique
1136 2892 1252 2950 tamen
1275 2883 1473 2972 prohibetur

328 3019 503 3084 ¹exercere
540 2997 694 3062 ordinem
731 2997 988 3084 presbyteratus
1025 3021 1086 3086 per
1118 2996 1245 3063 saltum
1276 2997 1469 3087 receptum,

345 3109 455 3194 unde,
475 3109 584 3176 adhuc
608 3110 724 3193 hodie,
747 3111 776 3174 si
800 3110 877 3199 quis
900 3111 956 3176 vel
979 3109 1085 3194 bona,
1107 3111 1165 3176 vel
1187 3136 1206 3176 a
1230 3111 1361 3177 fortiori
1383 3110 1472 3176 mala

345 3221 429 3307 fide,
455 3225 596 3314 recipiat
614 3223 769 3289 ordinem
787 3247 848 3312 per
867 3225 1011 3308 saltum,
1033 3224 1233 3313 prohibetur
1255 3225 1353 3290 illum
1376 3248 1472 3290 exer-

347 3360 434 3404 cere.
475 3407 478 3418 ,

391 3473 421 3518 c.
447 3451 526 3517 Non
548 3452 694 3541 amplius
718 3451 929 3541 prohibitum
948 3459 1002 3519 est
1019 3453 1168 3542 recipere
1193 3453 1348 3519 ordinem
1371 3454 1472 3518 omis-

346 3584 445 3650 rnm;
479 3587 560 3631 nam
591 3567 686 3632 nulla
718 3573 834 3654 potest
863 3565 1009 3655 amplius
1044 3567 1210 3655 assignari
1240 3589 1342 3632 causa
1372 3565 1472 3654 hujus

346 3677 596 3768 prohibitionis.

379 3807 389 3842 ¹
405 3805 448 3856 lta
462 3807 612 3867 Bononiae,
628 3807 680 3857 loc.
694 3807 750 3866 cit,
766 3825 794 3858 n.
809 3813 852 3868 13,
866 3810 961 3858 contre
974 3805 1085 3868 Sunrez,
1102 3807 1151 3858 loc.
1167 3807 1214 3858 cit.
1253 3811 1254 3814 ’

379 3885 390 3921 ²
406 3883 447 3935 Ita
461 3885 627 3946 Pennncchi,
645 3885 845 3936 commentaria
861 3885 889 3935 ιἰι
904 3887 987 3936 conat.
1001 3885 1165 3950 Apostolicae
1176 3885 1266 3944 Sedis,
1283 3885 1385 3944 Romae,
1401 3887 1472 3942 1883,

346 3967 368 4014 t.
385 3979 417 4025 ιι,
435 3977 462 4026 p.
480 3965 606 4024 tri-4773
623 3991 651 3999 -
671 3961 847 4024 d'Annibalc,
866 3963 1020 4022 Summula,
1041 3965 1062 4014 t.
1083 3979 1104 4024 ι,
1125 3979 1152 4012 ιι.
1168 3967 1227 4023 395,
1247 3965 1305 4012 not.
1321 3967 1349 4022 '1;
1369 3977 1396 4011 ιι.
1412 3965 1472 4022 tta,

346 4045 406 4093 not.
425 4045 468 4102 tt;
491 4043 534 4091 cd.
554 4047 577 4100 3,
600 4055 627 4105 p.
648 4045 786 4104 381,111;
807 4069 838 4080 -
856 4042 963 4102 Pintus,
985 4043 1132 4092 Commeat.
1154 4041 1183 4090 ιἰι
1204 4041 1292 4090 const.
1310 4039 1474 4104 Apostolicae

346 4119 431 4180 Srdir,
447 4121 574 4180 Tornaci,
589 4122 659 4180 1883,
674 4135 702 4183 p.
716 4125 833 4181 319-3203
850 4145 880 4156 -
895 4119 981 4178 Icurd,
997 4119 1190 4170 Praeleotioncc
1199 4117 1276 4184 juris
1290 4133 1359 4178 can„
1374 4133 1402 4167 n.
1417 4123 1471 4176 ³26,

347 4197 471 4258 Parisiis,
487 4201 561 4258 1833,
583 4200 603 4248 t.
619 4211 651 4257 ιι,
671 4211 698 4260 p.
714 4201 809 4258 a1=32;
828 4225 855 4234 -
872 4197 1013 4262 Gssparri,
1033 4197 1073 4246 Dc
1091 4195 1278 4258 ordinatione,
1293 4211 1321 4246 ιι.
1336 4199 1396 4256 138,
1414 4200 1436 4246 t.
1450 4212 1470 4254 ι,

346 4291 374 4340 p.
389 4282 445 4329 318.
456 4303 486 4316 -
497 4277 612 4337 Quidam
627 4279 718 4328 tamen
732 4277 776 4326 alit
793 4277 823 4340 (a
836 4277 913 4328 Picto
926 4275 1020 4340 relati)
1034 4275 1114 4326 aliter
1124 4276 1255 4326 sentiunt.
