3316 5052
437 447 482 510 DE
500 458 762 521 PRAEREQUlSlTlS
783 457 827 508 ΔΙ)
847 456 1099 507 ORDINATIONEM
1280 456 1330 507 3¹9

202 604 272 683 dit,
294 609 333 667 ut
357 624 456 666 nemo
481 624 550 667 non
574 603 684 682 videt,
706 609 745 667 ut
768 623 944 689 nunquam
963 606 1181 686 acceptentur
1205 600 1270 664 nisi
1295 601 1330 664 in

200 718 340 802 scripto.

250 929 346 996 125.
367 968 410 978 -
430 929 661 1005 Quaeritur:
685 928 727 994 4⁰
748 925 829 1002 Quis
849 927 957 1011 possit
976 926 1057 990 dare
1083 926 1212 990 litteras
1238 928 1329 990 testi-

201 1043 377 1107 moniales.

248 1157 347 1241 Besp.
366 1178 378 1222 .·
400 1155 430 1220 l.
454 1156 505 1220 De
525 1157 676 1241 episcopo
695 1177 764 1218 non
784 1162 837 1220 est
856 1153 1009 1220 dubium.

248 1271 280 1334 2.
307 1271 460 1335 Vicarius
478 1271 693 1356 capitularis,
715 1268 795 1333 sede
814 1276 983 1364 vacante,
996 1275 1109 1356 potest
1128 1270 1231 1334 etiam
1250 1293 1329 1334 con-

200 1384 322 1450 cedere
341 1384 472 1449 litteras
492 1383 750 1450 testimoniales.
773 1421 817 1432 —
837 1383 936 1448 Ratio
956 1390 1009 1448 est
1027 1383 1106 1471 quia
1126 1390 1199 1448 turn
1219 1384 1330 1448 conci-

202 1498 288 1562 lium
314 1498 421 1576 Trid.,
446 1504 521 1563 tum
550 1498 631 1580 Pius
657 1497 722 1578 IX,
749 1497 832 1561 locis
856 1497 973 1560 relatis
999 1519 1100 1584 supra
1131 1497 1182 1584 (ιι.
1210 1498 1327 1586 121),

203 1612 264 1676 has
279 1634 439 1698 expresse
452 1617 577 1677 vocant
590 1612 723 1676 litteras
742 1610 988 1676 testimoniales
1005 1610 1179 1675 Ordinarii
1187 1630 1202 1694 ,·
1218 1613 1330 1699 quoad

203 1725 457 1807 Innocentium,
489 1727 547 1813 qui
577 1733 723 1814 quatuor
751 1708 884 1789 vicibus
913 1731 1078 1790 memorat
1111 1725 1170 1789 has
1198 1725 1329 1791 litteras

203 1838 341 1928 (ibid),
373 1839 425 1904 bis
450 1863 507 1906 eas
531 1847 632 1905 vocat
655 1840 787 1904 litteras
817 1839 1009 1922 Ordinarii,
1036 1841 1142 1906 semel
1166 1841 1326 1926 episcopi,

201 1953 308 2018 semel
323 1955 460 2039 praelati
468 1974 482 2038 ,·
501 1954 593 2043 quod
611 1955 753 2041 ,siguum
778 1961 831 2018 est
854 1953 937 2018 satis
961 1976 1035 2018 esse
1061 1953 1277 2034 Innocenti0,
1299 1955 1328 2019 si

200 2067 422 2133 conferantur
445 2068 487 2133 ab
515 2069 709 2134 Ordinario.
736 2068 843 2155 Atqui
865 2067 1011 2132 vicarius
1035 2068 1232 2154 capitularis
1256 2069 1327 2133 sine

200 2180 272 2244 ulla
292 2183 523 2248 controversia
548 2189 583 2248 et
602 2165 701 2270 juxta
721 2204 839 2246 omncs
858 2181 953 2246 venit
976 2181 1114 2246 nomine
1139 2181 1324 2248 Ordinarii.

202 2294 292 2380 Ergo
316 2296 462 2362 vicarius
485 2297 682 2384 capitularis
708 2302 823 2383 potest
841 2317 1056 2383 quocumque
1074 2303 1227 2384 tempore
1246 2320 1328 2362 con-

197 2408 321 2474 cedere
347 2412 601 2494 testimoniales,
628 2411 709 2475 licet
731 2433 800 2474 non
826 2409 935 2498 possit
961 2409 1145 2474 concedere
1171 2413 1327 2476 dimisso-

200 2523 286 2606 rias,
309 2524 375 2590 nisi
394 2531 474 2612 post
493 2525 641 2612 primum
660 2546 789 2590 annum
808 2524 934 2588 luctus
958 2523 1002 2588 Et
1020 2523 1067 2588 ita
1086 2529 1235 2588 omnes¹.

246 2637 279 2702 3.
314 2638 467 2704 Vieariua
496 2639 664 2724 poneretis
690 2645 805 2726 potest
831 2638 933 2716 etiam
960 2637 1144 2702 concedere
1171 2639 1326 2703 testimo-

200 2751 323 2834 niales,
346 2753 449 2817 etiam
468 2754 542 2818 sine
561 2733 722 2818 mandato
743 2751 893 2839 speciali.
916 2791 959 2800 -
980 2752 1079 2816 Ratio
1099 2759 1152 2816 est
1172 2753 1267 2839 quia,
1288 2761 1327 2818 ut

197 2864 329 2931 dictum
354 2875 422 2948 est,
450 2867 534 2931 satis
563 2874 615 2932 est
639 2865 855 2946 Innocentio,
881 2867 910 2930 si
934 2866 1056 2930 litterae
1075 2866 1324 2932 testimoniales

200 2979 418 3046 conferantur
442 2981 484 3045 ab
510 2981 709 3064 ordinarie,
731 2987 765 3044 et
789 2979 971 3045 concilium
995 2979 1086 3044 Trid.
1114 2987 1148 3044 et
1172 2980 1256 3072 Pius
1280 2981 1325 3046 IX

196 3115 360 3180 expresse
379 3095 498 3160 dicunt
517 3094 642 3182 requiri
661 3093 909 3160 testimoniales
926 3093 1111 3162 Ordinarii.
1130 3093 1236 3160 Porro
1256 3119 1326 3162 cer-

200 3206 371 3273 tissimum
391 3217 445 3274 est
463 3214 498 3274 et
516 3208 559 3274 ab
574 3207 732 3273 omnibus
747 3216 938 3296 receptum,
955 3207 1124 3295 praecipue
1144 3232 1163 3272 a
1183 3209 1218 3274 S.
1238 3209 1325 3276 Con-

198 3321 456 3408 gregationibus
480 3322 660 3403 Romanis,
684 3323 847 3388 vicarium
866 3320 1062 3408 generalem
1082 3344 1157 3386 esse
1178 3322 1325 3391 Ordina-

201 3437 292 3500 rium
320 3429 362 3501 et¹
382 3436 495 3502 venire
522 3436 658 3501 nomine
684 3437 869 3502 Ordinarii.
902 3435 945 3499 Et
975 3436 1003 3498 si
1032 3435 1124 3523 quod
1152 3447 1325 3504 remaneat
1375 3443 1380 3456 '

198 3547 340 3615 dubium
364 3574 406 3616 ex
430 3558 526 3637 parte
550 3557 659 3616 const.
686 3550 919 3636 Speculatores
925 3600 935 3632 ,
958 3573 1033 3637 queo
1057 3550 1163 3614 semel
1186 3549 1325 3617 adhibet

198 3663 403 3729 vocabulum
439 3666 598 3750 episcopi,
636 3663 875 3752 exponendum
908 3671 961 3728 est
995 3661 1081 3727 illud
1109 3663 1251 3730 dubium
1281 3667 1323 3730 ad

199 3799 354 3842 normam
380 3777 483 3844 bullae
506 3779 709 3865 Apostolicae
733 3778 846 3861 Sedis,
872 3800 911 3842 eo
936 3777 1045 3864 magis
1064 3777 1157 3864 quod
1179 3785 1323 3867 utraque

198 3890 293 3958 bulla
317 3901 370 3958 est
393 3891 538 3981 poeualis
562 3900 596 3958 et
619 3891 761 3980 proinde
788 3891 937 3980 recipere
961 3889 1061 3956 debet
1089 3890 1322 3980 benigniorem

229 4040 238 4074 ¹
257 4039 444 4098 Reittenstuel,
460 4039 488 4086 in
503 4039 546 4088 tit.
559 4039 598 4088 De
613 4038 782 4103 temporibus
796 4038 896 4095 ordin„
913 4053 940 4085 n.
956 4043 1013 4096 ¹123
1031 4065 1058 4073 —
1074 4037 1321 4102 Schmetzgrueber,

197 4117 224 4165 iu
239 4119 328 4167 eumd.
345 4118 399 4177 tit,
416 4133 442 4165 n.
459 4120 502 4177 tr;
518 4143 549 4154 -
563 4117 683 4180 Pirhing,
699 4118 726 4164 in
739 4118 828 4165 eumd.
844 4117 896 4174 tit,
912 4130 938 4164 n.
953 4121 996 4175 59;
1011 4141 1043 4152 -
1060 4115 1219 4176 Laureolus,
1236 4118 1263 4165 in
1279 4119 1321 4166 tit.

198 4195 235 4245 De
249 4195 383 4246 scrutinio
399 4195 428 4246 in
442 4195 539 4246 ordine
552 4193 687 4257 faciendo,
702 4210 729 4258 q.
743 4211 813 4255 ocrn,
830 4209 857 4243 n.
869 4201 897 4254 ις
915 4221 941 4230 -
960 4194 1077 4252 Fcrmri,
1093 4194 1244 4260 Repimtnta
1258 4195 1322 4243 ἀίω-

193 4273 327 4333 οοεεηί...,
344 4289 371 4324 ιι.
385 4277 444 4334 ata,
461 4273 583 4332 Parisiis,
598 4278 673 4332 1876,
689 4289 715 4336 p.
730 4279 784 4322 290.
