3270 5050
364 523 481 576 sullus
499 523 675 574 DOCTRINAE
694 521 886 573 CATIIOLICAE
906 521 949 572 DE
968 521 1147 572 ORDINIBUS
1284 520 1317 574 55

191 691 257 756 quo
291 667 584 754 distinguerentur
614 663 806 752 presbyteri
839 688 858 729 a
891 663 1061 746 diaconis;
1100 663 1318 753 presbyteros

191 789 306 848 autem
332 780 375 846 ad
403 779 467 846 hoc
495 779 646 848 officium
674 779 864 844 destinatos
891 777 1012 862 luisse,
1039 785 1134 866 patet
1163 779 1319 868 plurimis

191 894 418 976 documentis,
435 918 469 960 v.
484 916 534 980 g.,
551 893 656 958 citato
670 892 810 982 (supra,
826 915 863 958 ιι.
882 890 956 982 15)
969 891 1045 957 loco
1061 893 1176 958 Conet.
1194 901 1301 979 apost.
1305 944 1317 976 ,

192 1007 251 1076 lib.
266 1007 367 1088 VIII,
388 1031 419 1074 o.
440 1026 566 1088 xxm113
588 1007 693 1073 citata
710 1007 851 1095 (supra,
871 1029 907 1072 n.
928 1006 998 1093 14,
1018 1005 1067 1096 4⁰)
1085 1007 1230 1095 epistola
1246 1026 1319 1072 xxv

192 1121 382 1188 Innocentii
398 1121 413 1186 1
432 1122 477 1186 ad
494 1122 693 1186 Decentium
698 1139 713 1204 ,·
727 1120 867 1208 insuper
881 1143 976 1186 conc.
994 1120 1147 1204 Nicaeno,
1164 1143 1238 1186 can
1254 1119 1295 1186 18
1309 1139 1317 1186 :

192 1236 391 1302 «Pervenit
408 1235 453 1300 ad
477 1242 631 1301 sanctam
655 1235 826 1322 synodum
850 1234 958 1322 quod,
978 1233 1015 1298 in
1037 1234 1212 1300 nonnullis
1234 1233 1320 1300 locis

190 1357 226 1416 et
244 1349 455 1432 civitatibus,
472 1349 607 1415 diaconi
625 1349 708 1415 dant
722 1349 936 1435 presbyteris
954 1345 1211 1430 eucharistiam
1226 1349 1321 1438 quod

190 1486 253 1530 nec
282 1486 392 1529 canon
417 1486 481 1530 nec
506 1463 718 1530 consuetudo
744 1463 866 1545 tradit,
895 1469 951 1546 ut,
980 1463 1039 1551 qui
1063 1463 1226 1528 offerendi
1250 1486 1321 1528 non

189 1577 319 1644 habent
333 1584 557 1666 potestatem,
572 1579 613 1643 to
627 1579 689 1666 qui
703 1582 871 1662 offerunt,
885 1577 968 1641 dent
981 1599 1106 1666 corpus
1119 1576 1246 1644 Christi
1256 1580 1285 1658 ¹3
1303 1601 1318 1640 ι

186 1693 260 1780 jam
284 1699 400 1757 autem
423 1691 642 1780 presbyteros
665 1691 802 1757 functos
825 1690 931 1756 fuisse
955 1691 1020 1756 hoc
1043 1690 1154 1755 officio
1178 1691 1214 1756 in
1237 1690 1322 1778 ipsis

190 1807 352 1871 Ecclesiae
371 1806 496 1888 initiis,
517 1805 697 1871 deducitur
715 1828 757 1870 ex
776 1805 813 1870 S.
831 1804 955 1892 Ignatii
975 1804 1121 1892 epistola
1138 1805 1183 1869 ad
1200 1803 1322 1892 Smyr-

192 1942 295 2004 noeos,
317 1943 347 1985 c.
365 1940 440 2001 vm,
457 1942 492 1985 n.
512 1923 527 1984 l
547 1939 554 1986 :
575 1946 591 1981 u
609 1919 731 1986 Valida
750 1919 953 1984 eucharistia
970 1919 1135 1984 habeatur
1153 1919 1229 2000 illa,
1245 1941 1322 2008 quae

191 2033 255 2098 sub
275 2035 435 2122 episcopo
450 2033 635 2122 peragitur,
652 2033 709 2100 vel
726 2035 791 2099 sub
810 2057 864 2118 eo,
885 2033 940 2098 cui
960 2035 1028 2120 ipse
1046 2034 1282 2114 concesserit²;
1301 2057 1317 2098 ι

191 2171 267 2235 quae
286 2149 409 2214 ultima
427 2147 532 2213 verba
551 2147 697 2236 intelligi
715 2153 909 2236 nequeunt,
926 2147 993 2212 nisi
1011 2148 1053 2212 de
1071 2145 1318 2235 presbyteris³;

189 2301 235 2311 -
250 2263 282 2326 2.
301 2262 468 2348 Conferre
482 2263 692 2347 baptismum
709 2263 917 2346 solemniter,
934 2261 985 2327 uti
1003 2267 1138 2327 constat
1157 2284 1198 2328 cx
1218 2284 1320 2350 supra

188 2376 245 2463 (n.
270 2375 343 2465 15)
366 2374 479 2440 allatis
502 2375 588 2441 locis
611 2375 813 2463 Hieronymi
836 2383 871 2440 et
890 2375 1107 2458 Tertulliani,
1129 2376 1242 2463 quoad
1261 2376 1319 2464 jus

189 2488 383 2577 baptizandi
407 2489 451 2554 ad
479 2489 640 2555 diaconos
664 2489 859 2577 pertinens;
885 2527 929 2538 —
953 2491 985 2556 3.
1011 2491 1190 2576 Imponerc
1209 2491 1319 2576 poeni-

190 2605 333 2668 tentiam
350 2612 383 2668 et
401 2605 611 2670 absolveres
626 2605 788 2690 peccetis,
804 2609 843 2668 ut
863 2611 998 2670 constat
1017 2627 1059 2670 ex
1077 2603 1202 2670 celebri
1221 2611 1319 2670 textu

189 2717 226 2784 S.
248 2717 440 2805 Cypriani:
469 2717 632 2798 «Qui
657 2718 792 2784 libellos
819 2740 838 2784 a
864 2717 1070 2810 martyribus
1095 2725 1315 2808 aeceperunt,

189 2837 223 2894 et
248 2831 475 2920 praecogativa
500 2854 620 2896 eorum
649 2831 740 2921 apud
768 2833 880 2897 Deum
910 2832 1066 2920 adjuvari
1095 2840 1257 2920 possunt,
1288 2833 1318 2898 si

189 2945 405 3010 incommodo
423 2944 539 3034 aliquo
559 2953 593 3012 et
610 2946 820 3012 infirmitatis
834 2946 984 3034 periculo
1003 2947 1159 3036 occupati
1173 2947 1313 3028 frrcrint,

188 3082 258 3124 non
278 3066 456 3147 expectata
474 3061 658 3148 praesentia
677 3067 809 3142 nostra,
831 3057 924 3146 apud
937 3062 1183 3148 presbyterum
1200 3083 1316 3148 quent-

188 3195 334 3260 cumque
348 3181 567 3259 presentem,
582 3173 640 3238 vel
658 3174 689 3240 si
702 3172 882 3263 presbyter
900 3181 1054 3264 repertus
1072 3197 1142 3240 non
1161 3173 1263 3241 fuen't
1282 3181 1316 3240 et

188 3309 309 3373 urgere
322 3287 434 3352 exitus
447 3288 599 3376 coepcrit,
612 3287 703 3376 apud
716 3288 896 3354 diaconum
905 3311 1053 3378 quoque,
1068 3290 1315 3375 cacomoloyesin

188 3406 300 3485 facere
314 3401 429 3466 delicti
442 3403 497 3467 sui
511 3402 661 3488 possint,
680 3409 718 3467 ut
732 3426 835 3467 manu
850 3405 897 3468 eis
913 3405 947 3468 in
959 3403 1194 3489 poenitentiam
1209 3403 1315 3488 impo-

187 3516 251 3580 sita
270 3517 405 3580 veniant
423 3516 468 3581 ad
481 3515 668 3582 Dominum
682 3540 760 3582 cum
773 3519 894 3603 pece⁴3
914 3545 931 3579 ιι
947 3533 991 3566 ¹-
1006 3517 1038 3584 1.
1055 3517 1314 3583 Sacramentum

187 3606 345 3695 ectremae
361 3629 527 3695 unctionis
539 3631 796 3716 administrare,
813 3637 852 3696 ut
866 3638 1000 3698 constat
1012 3653 1055 3698 ex
1070 3631 1268 3698 Innocentio
1283 3631 1309 3715 l,

189 3742 288 3830 epist.
310 3742 369 3807 Ad
387 3743 602 3830 Decentium,
623 3767 658 3812 ιι.
678 3744 739 3828 11;
760 3753 944 3834 postquam
963 3747 1054 3812 enim
1072 3747 1189 3814 retulit
1206 3746 1313 3812 notis-

218 3937 227 3970 ¹
245 3937 347 3998 Brona,
361 3937 498 3998 Concilia,
513 3942 534 3988 1.
549 3955 572 4000 ι,
588 3955 615 4004 p.
631 3947 669 3990 18.

218 4016 228 4050 ¹
245 4017 294 4065 Ed.
312 4017 403 4076 Funk,
419 4017 565 4081 Tubingae,
579 4023 654 4078 1881,
670 4033 697 4082 p.
713 4023 769 4069 all.

218 4095 229 4129 ³
245 4094 334 4144 Multo
349 4100 441 4145 tamen
455 4098 543 4146 rarius
558 4097 734 4149 celebrabant
748 4113 780 4149 uc
794 4099 883 4149 hodie.
895 4099 936 4149 Gt.
949 4100 983 4148 de
997 4099 1101 4161 Smedt,
1117 4098 1313 4164 Orysnr'setion

187 4171 233 4221 des
252 4171 352 4236 tyllam
371 4173 558 4233 ebretr'eones,
578 4191 613 4226 an
634 4183 668 4220 1⁸¹·
685 4177 710 4226 et
729 4192 764 4227 eu
782 4185 817 4222 11·
830 4177 925 4237 eiecto,
945 4179 972 4227 in
998 4179 1120 4243 cencres
1142 4177 1314 4244 selentiltque
1362 4219 1364 4226 .

188 4249 220 4298 de
234 4251 305 4307 1888,
322 4251 412 4312 Parte,
428 4257 499 4311 1888,
515 4256 534 4302 1.
548 4269 580 4314 ιι,
595 4268 622 4317 p.
639 4259 759 4313 187-888,
774 4257 927 4318 presertim
941 4271 969 4320 p.
985 4261 1039 4317 ³17,
1055 4262 1109 4318 818,
1126 4262 1181 4306 886.

219 4329 229 4360 ⁴
246 4327 273 4377 S.
290 4329 419 4393 Cyprleni
434 4331 514 4394 epist.
531 4346 580 4390 ιιιι,
596 4332 639 4381 Ad
653 4333 773 4393 clerum,·
788 4327 892 4398 Migne,
910 4335 939 4384 P.
955 4335 995 4394 1,,
1011 4337 1032 4385 1.
1045 4351 1081 4396 ιν,
1098 4335 1150 4384 col.
1167 4339 1221 4384 25⁹.
