3246 5052
701 435 744 484 DE
765 433 894 484 ltlTlBlJS
914 433 1149 484 ORDlNATlONlS

473 673 488 702 «
515 647 688 733 impositio
709 669 870 709 manuum
890 646 933 710 ad
953 643 1209 710 constituendos
1228 646 1424 732 episcopos,

408 848 420 874 ιι
446 818 510 898 Qui
532 817 654 882 misisti
677 817 861 880 llominum
880 817 998 882 Jesum
1015 816 1058 880 ad
1073 815 1274 880 lucrandum
1288 816 1491 879 universum

360 930 493 1004 orbem,
512 932 569 1020 qui
589 955 649 1019 per
668 953 743 995 eum
766 931 900 1016 elegisti
920 930 1110 1016 apostoloS‚
1128 931 1185 1017 qui
1206 929 1246 994 dc
1267 931 1491 1018 generatione

359 1048 392 1110 in
413 1047 666 1132 generationem
688 1054 824 1110 sanctos
845 1045 1022 1132 episcopos
1042 1045 1190 1116 ordinas,
1208 1045 1271 1126 lac,
1292 1045 1387 1110 Deus
1405 1047 1490 1110 veri-

360 1161 456 1233 tatis,
479 1166 512 1224 ct
532 1159 623 1225 hunc
643 1160 855 1246 episcopum,
878 1159 994 1224 vivum
1015 1159 1227 1246 episcopum.
1245 1159 1389 1244 dignum
1413 1183 1489 1223 sue-

359 1274 523 1338 cessionis
555 1283 751 1339 sanctorum
782 1275 1032 1361 apostolorum,
1065 1281 1098 1337 et
1126 1274 1168 1337 da
1198 1272 1228 1336 ei
1257 1273 1424 1360 gratiam.
1458 1283 1488 1336 et

358 1389 522 1475 Spiritum
548 1389 719 1463 divinum,
743 1413 842 1477 quem
868 1388 1017 1453 tribuisti
1042 1387 1199 1473 genuinis
1224 1387 1331 1450 servis
1356 1387 1431 1451 tuis
1457 1397 1487 1450 et

358 1501 531 1590 prophetis
551 1511 586 1567 et
605 1503 827 1590 patriarchis:
851 1503 901 1568 sac
926 1527 1003 1568 eum
1024 1503 1166 1588 dignum
1186 1503 1243 1590 qui
1267 1509 1388 1590 paseat
1409 1524 1486 1588 gre-

357 1639 433 1700 gem
461 1627 573 1698 tuum,
597 1625 628 1680 et
654 1617 726 1681 sine
750 1617 1011 1704 reprehensione
1036 1625 1069 1680 et
1094 1616 1296 1680 ollendiculo
1321 1616 1427 1702 degat
1452 1618 1484 1678 in

357 1729 570 1818 episcopatu.
601 1755 660 1817 per
686 1731 906 1816 Unigenitum
935 1739 1030 1794 tuum
1057 1731 1174 1796 Jesum
1203 1729 1396 1802 Christum,
1426 1755 1485 1817 per

357 1868 457 1932 quem
479 1843 539 1910 tibi
559 1845 667 1930 gloria
688 1853 720 1909 et
745 1853 896 1932 potestas
921 1846 954 1909 in
976 1845 1103 1932 Spiritu
1128 1843 1251 1908 Sancto
1276 1852 1309 1908 et
1335 1841 1426 1908 nune
1451 1854 1481 1908 el

356 1959 547 2044 peremnia
567 1959 689 2023 saecula
711 1961 924 2024 saeculorum.
947 1960 1070 2024 Amen.
1099 1987 1112 2016 »1

402 2165 463 2228 llis
483 2188 563 2250 ergo
583 2166 720 2252 positis,
744 2164 814 2228 heec
834 2165 1000 2228 dicenda:

406 2278 436 2340 l0
471 2279 590 2342 Forma
620 2279 793 2342 continere
826 2278 927 2344 debet
957 2279 1163 2342 mentionem
1194 2279 1323 2341 ordinis
1351 2279 1476 2342 collati.

354 2431 397 2440 -
424 2393 539 2458 Nam:
563 2397 593 2456 t.
616 2393 871 2456 Sacramentum
898 2401 950 2457 est
976 2392 1203 2457 essentialiter
1221 2395 1357 2476 signum
1378 2393 1479 2456 sensi-

354 2507 437 2588 bile,
460 2507 550 2593 quod
571 2507 760 2592 signiticare
780 2506 902 2571 debeat
927 2508 1071 2592 gratiam
1098 2531 1157 2571 seu
1184 2507 1342 2571 ellectum
1377 2529 1476 2594 quem

354 2619 526 2706 producit:
545 2621 622 2684 hinc
643 2645 736 2686 conc.
755 2621 862 2700 Tria,
885 2643 959 2686 ean.
983 2622 1014 2692 6,
1033 2645 1117 2688 sess.
1140 2619 1215 2691 Vll,
1233 2621 1282 2684 Du
1299 2641 1477 2685 stenenes-

353 2756 400 2797 rrs
421 2756 450 2797 ra·
467 2755 602 2814 ennean,
625 2736 694 2799 ait:
720 2763 735 2794 α
758 2735 792 2799 Si
813 2736 889 2822 quis
905 2735 1028 2799 dixerit
1047 2743 1255 2799 sacramenta
1277 2735 1476 2820 novaelegis

354 2871 421 2911 non
442 2849 615 2911 continere
635 2849 778 2933 gratiam
795 2873 899 2934 quam
915 2851 1124 2933 significant,
1144 2855 1228 2926 etex,
1251 2876 1265 2908 n
1281 2871 1382 2934 porro
1399 2849 1472 2910 licet

354 2962 415 3026 hoc
427 2985 551 3025 munus
562 2963 776 3048 significandi
787 2963 953 3049 pertineat
962 2964 1004 3026 ael
1015 2969 1122 3026 totum
1132 2963 1234 3026 ritum
1245 2961 1472 3026 essentialem.

353 3099 473 3162 nempe,
502 3077 676 3140 materiam
704 3085 737 3140 et
764 3076 925 3151 formam,
948 3077 1167 3163 principalius
1195 3085 1309 3140 tamen
1329 3075 1473 3162 pertinet

352 3189 394 3252 ad
414 3195 580 3274 formiam,
599 3191 677 3277 quia
699 3191 838 3254 materia
854 3199 998 3278 estpars
1014 3215 1073 3279 per
1093 3215 1128 3255 se
1150 3213 1217 3254 non
1237 3189 1471 3257 determinata.

353 3326 427 3390 quae
455 3328 513 3390 per
539 3304 681 3368 sormam
712 3305 971 3383 determinatum
1002 3306 1093 3393 quod
1120 3329 1159 3370 eo
1187 3305 1294 3392 magis
1320 3303 1414 3367 valet
1443 3303 1473 3364 in

353 3427 563 3482 sacramento
586 3418 727 3496 ordinis,
757 3418 847 3504 quod
874 3417 920 3482 ibi
947 3421 1087 3484 materia
1120 3427 1172 3486 est
1205 3420 1278 3505 ipsa
1305 3417 1473 3504 impositio

353 3553 526 3608 manuum,
549 3554 623 3617 quee¹
644 3539 756 3618 potest
775 3532 941 3618 pertinere
962 3532 1004 3596 ad
1020 3532 1205 3620 quemlibet
1226 3531 1390 3605 ordinem,
1408 3530 1473 3592 imo

352 3644 394 3706 ad
422 3645 487 3708 alia
518 3653 729 3708 sacramenta
759 3653 792 3709 et
819 3647 1078 3710 sacramentalia
1113 3645 1169 3717 (cl.
1208 3646 1355 3710 Leonem
1380 3643 1470 3710 Xlll.

352 3757 409 3822 cit.
438 3766 546 3821 const.
577 3759 779 3843 Apostolicae
811 3783 915 3840 eure,
941 3761 1014 3824 loco
1035 3760 1127 3846 cit.);
1151 3783 1227 3824 cum
1252 3781 1332 3844 ergo
1352 3757 1473 3845 princi-

351 3872 437 3960 palis
458 3873 595 3936 ellectus
620 3873 843 3938 ordinationis
868 3874 913 3938 sit
932 3875 1066 3938 collatio
1091 3875 1220 3938 ordinis
1244 3896 1304 3937 seu
1328 3879 1473 3959 potesta-

352 3987 408 4066 tis,
430 3986 473 4051 ad
487 4009 588 4074 quam
605 3988 759 4074 sequitur
773 3987 910 4053 collatio
930 3988 1081 4052 relativa
1100 3987 1230 4074 gratier,
1252 3988 1360 4050 forma
1375 3984 1472 4050 debet

352 4100 540 4186 significare
560 4107 593 4163 et
613 4102 753 4188 proinde
774 4103 962 4186 exprimere
978 4103 1133 4166 ordinem
1152 4101 1330 4172 collatum,
1352 4123 1470 4186 nempe

352 4214 406 4278 vel
427 4215 657 4293 diaconatum,
680 4217 735 4279 rel
758 4216 1049 4303 presbyteratum,
1079 4215 1133 4281 vel
1158 4217 1407 4303 episcopatuum
1429 4253 1471 4261 -
