3300 5056
481 481 526 532 DE
545 482 705 534 SUBJEGTO
725 479 963 532 onnlnarlonls
1234 480 1288 556 209

160 624 262 689 ritate
286 624 353 690 sihi
375 633 535 710 sumunt,
562 648 698 707 omnes,
725 648 794 690 non
817 625 978 690 Ecclesiae
1005 623 1196 708 ministr05,
1227 628 1287 693 sed

158 737 252 804 fures
280 746 316 805 et
344 738 513 821 latrones,
544 763 605 828 per
633 739 761 806 ostium
792 763 860 804 non
892 739 1082 826 ingressos,
1113 739 1287 808 habendos

159 875 247 918 esse.
273 880 288 914 r

206 967 240 1034 3⁰
259 967 330 1032 Nec
355 967 480 1034 desunt
509 975 711 1056 argumenta
735 991 778 1034 ex
803 969 953 1034 humana
978 969 1107 1034 ratione
1130 968 1288 1059 deprom-

159 1088 231 1169 pta.
253 1120 298 1130 -
318 1081 480 1148 Etenim:

205 1218 238 1262 a.
264 1195 338 1260 Hoc
359 1203 412 1262 est
430 1196 571 1261 omnino
591 1195 738 1284 speciale
763 1196 868 1262 statui
887 1195 1052 1278 clericali,
1072 1204 1111 1262 ut
1130 1199 1287 1265 sacerdos

162 1308 216 1398 (et
235 1309 355 1392 etiam,
377 1310 596 1398 proportione
617 1317 768 1392 servata,
785 1311 928 1376 clericus
948 1311 1092 1377 aliorum
1112 1312 1287 1403 ordinum)

161 1423 208 1488 sit
227 1423 395 1488 mediator
414 1424 504 1489 inter
523 1425 634 1489 Deum
654 1430 688 1489 et
707 1425 899 1506 hominem3
918 1447 987 1490 non
1006 1425 1144 1513 quidem
1163 1427 1289 1492 media-

160 1545 216 1603 tor
235 1537 448 1626 principalis,
471 1538 531 1626 qui
549 1561 639 1604 unus
658 1545 710 1604 est
725 1539 898 1621 Christus,
916 1538 976 1604 sed
991 1539 1157 1606 mediator
1171 1564 1289 1607 secun-

162 1650 296 1733 darius,
318 1659 352 1718 et
375 1659 490 1718 tamen
515 1675 595 1718 vere
622 1652 789 1718 mediator
813 1651 865 1742 (v.
893 1675 942 1740 g.,
969 1653 1005 1718 in
1030 1653 1151 1736 missa,
1180 1653 1290 1720 officio

162 1765 297 1846 divino,
324 1765 564 1854 praedicatione
587 1765 681 1831 verbi
709 1766 832 1846 divini,
859 1766 1154 1834 administratione
1178 1792 1291 1834 sacra-

162 1886 374 1962 mentorum,
410 1879 514 1970 etc),
547 1904 648 1968 porro
679 1880 722 1945 de
754 1881 886 1946 ratione
920 1888 974 1946 est
1005 1881 1219 1965 mediatoris,
1252 1889 1291 1948 ut

163 1999 361 2082 acceptetur
380 1993 421 2060 ab
440 2001 716 2082 utraqueparte,
738 2001 773 2060 et
795 1995 984 2082 praesertim
1004 1993 1046 2060 ab
1066 2019 1122 2079 ea,
1144 2004 1291 2084 quaeest

163 2107 397 2196 principalior,
416 2115 450 2173 et
470 2131 489 2174 a
505 2131 571 2197 qua
591 2109 716 2198 pendet
736 2109 978 2174 reconciliatio.

208 2221 243 2286 h.
272 2222 346 2290 Hoc
366 2229 420 2288 est
438 2223 578 2288 omnino
597 2223 745 2310 speciale
764 2223 870 2288 statui
890 2222 1053 2305 clericali,
1074 2229 1114 2289 ut
1133 2225 1292 2290 sacerdos

163 2335 376 2423 ingrediatur
395 2336 742 2418 administrationem,
764 2336 1045 2423 gubernationem
1065 2345 1100 2403 et
1118 2337 1292 2427 dispensa-

163 2449 295 2514 tionem
314 2448 482 2514 bonorum
501 2448 646 2532 Christi,
664 2473 787 2539 nempe
806 2451 1012 2532 animarum,
1030 2473 1115 2539 quas
1133 2452 1290 2534 redemit,

163 2563 327 2630 Ecclesiae
342 2587 446 2652 quam
460 2563 633 2646 fundavit,
651 2571 940 2630 sacramentorum
955 2587 1030 2653 quae
1046 2565 1206 2647 instituit,
1224 2567 1292 2630 imo

164 2678 386 2745 sacratissimi
406 2678 557 2767 corporis
581 2678 656 2767 ejus
676 2685 710 2745 et
729 2679 923 2766 sanguinis,
945 2703 1021 2767 quae
1041 2680 1203 2746 Ecclesiae
1223 2703 1293 2745 suae

164 2793 348 2859 commisit.
367 2793 474 2881 Atqui
490 2815 590 2858 nemo
608 2771 724 2882 potest
742 2817 779 2858 se
797 2793 951 2881 ingerere
970 2794 1006 2858 in
1025 2793 1292 2860 administratio-

164 2930 243 2973 nem
263 2905 431 2972 bonorum
451 2907 613 2995 alicujus,
634 2907 701 2972 nisi
724 2906 767 2973 ab
790 2907 854 2972 hoc
873 2915 1025 2974 vocetur.
1048 2909 1181 2996 Ergo...
1204 2909 1292 2975 Sane

139 3098 142 3107 Ι
163 3021 235 3086 haec
255 3019 345 3085 bona
365 3027 445 3086 sunt
465 3021 567 3087 etiam
591 3020 806 3110 aliquatenus
827 3019 1006 3104 Ecclesiae,
1028 3028 1063 3087 et
1081 3022 1158 3088 ideo
1178 3023 1291 3110 requi-

162 3136 251 3202 ritur
270 3136 373 3201 etiam
392 3135 525 3201 vocatio
545 3134 705 3200 Ecclesiae
726 3135 819 3224 (quae
838 3136 972 3201 vocatio
993 3136 1090 3202 adest
1110 3137 1184 3226 ipso
1203 3136 1292 3202 facto

163 3249 328 3338 legitimae
347 3249 610 3339 ordinationis);
633 3249 694 3314 sed
714 3255 795 3314 sunt
817 3250 1008 3338 praesertim
1032 3249 1121 3316 bona
1146 3248 1290 3332 Christi,

163 3370 198 3429 et
232 3361 308 3428 ideo
340 3363 510 3451 praecipue
542 3361 726 3450 requiritur
758 3362 832 3451 ejus
864 3363 1010 3430 vocatio.
1048 3363 1100 3431 Cf.
1137 3364 1291 3452 superius

162 3477 270 3544 relata
289 3477 392 3543 verba
412 3477 448 3544 S.
471 3476 644 3542 Bernardi.

208 3617 238 3658 c.
261 3593 378 3658 Status
397 3590 564 3656 clericalis
583 3598 636 3656 est
654 3591 792 3655 omnino
812 3591 1096 3680 supernaturalis,
1116 3597 1150 3656 et
1169 3591 1289 3673 etiam,

163 3707 198 3772 in
224 3705 343 3771 ordine
367 3705 634 3794 supernaturali,
656 3727 725 3768 non
750 3704 955 3788 communis,
978 3705 1038 3770 sod
1057 3705 1195 3771 omnino
1215 3728 1290 3793 spe-

164 3821 278 3902 cialis,
296 3819 436 3907 exigens
455 3841 577 3908 nempe
597 3819 724 3906 gratias
743 3819 881 3884 omnino
897 3819 1077 3908 speciales,
1096 3842 1181 3909 quas
1197 3821 1290 3886 Deus

162 3959 232 4002 non
252 3941 389 4000 tenetur
406 3932 602 4000 ullomodo
625 3933 757 4022 largiri,
779 3956 814 3999 v.
836 3957 885 4022 g.,
906 3957 968 4022 pro
987 3933 1191 4022 acquirenda
1211 3957 1289 4000 san-

164 4049 281 4117 ctitate
300 4047 480 4137 requisita,
502 4071 563 4136 pro
583 4047 684 4136 digne
707 4047 934 4135 adimplendis
958 4047 1154 4115 muneribus
1178 4071 1288 4114 sacer-

164 4163 353 4245 dotalibus,
370 4185 431 4250 pro
451 4161 618 4228 servanda
637 4161 810 4243 castitate,
828 4185 931 4251 quam
949 4185 1048 4229 nemo
1067 4168 1181 4252 potest
1198 4185 1289 4228 asse-

165 4279 240 4369 qui,
269 4277 337 4343 nisi
365 4277 458 4342 Deus
485 4276 559 4356 det,
591 4283 655 4342 etc.
688 4275 793 4362 Ergo,
825 4277 898 4342 sine
927 4275 1066 4366 speciali
1093 4275 1286 4357 vocatione,

239 4435 246 4442 -
258 4416 343 4453 uena
356 4415 476 4450 oaorsar.
1114 4398 1145 4449 tl
