3300 5056
417 485 460 534 DE
478 483 690 534 TEMPORIBUS
710 484 751 534 ET
770 483 853 534 LOCO
872 483 1128 534 ouutunslortutt
1280 479 1332 532 239

206 644 335 707 vespera
349 623 479 686 sabbati
490 624 619 686 initium
634 631 756 686 constat
768 623 902 703 ascribi,
917 632 948 684 et
963 645 1033 705 quae
1046 624 1142 684 tantis
1156 623 1332 683 divinarum

206 729 446 811 dispositionum
459 731 615 812 mysteriis
628 737 675 791 est
684 737 880 804 consecrata,
894 737 930 790 ut
942 729 1094 812 quidquid
1106 737 1153 789 est
1165 750 1182 789 a
1195 729 1334 790 Domino

205 831 358 914 insignius
372 837 595 910 constitutum,
611 836 644 896 in
659 835 754 917 hujus
766 835 827 895 diei
844 835 995 915 dignitate
1011 837 1051 894 sit
1065 842 1187 914 gestum
1200 835 1221 896 ¹.
1241 861 1255 892 n
1272 835 1332 896 Re·

205 959 293 1014 vera,
308 948 347 1001 ut
362 942 465 1022 pergit
475 940 507 1004 S.
524 942 603 1016 Leo,
618 941 650 1000 in
665 940 714 1000 die
729 940 900 1016 dominica,
917 942 1002 1002 Deus
1016 941 1111 1022 coepit
1125 961 1229 1001 creare
1243 961 1333 1001 mun-

203 1045 296 1119 dum,
314 1046 459 1107 Christus
478 1047 663 1121 resurrexit,
684 1046 891 1128 apparuitque
910 1046 1086 1128 discipulis,
1103 1046 1237 1126 Spiritus
1256 1047 1334 1106 San-

204 1157 274 1211 ctus
289 1151 402 1212 missus
416 1160 465 1213 est
478 1153 511 1212 in
526 1152 697 1233 apostolos,
711 1159 772 1212 etc.
785 1151 809 1212 ¹.

246 1259 277 1316 2⁰
293 1257 386 1337 Ergo,
399 1257 491 1338 juxta
511 1258 658 1332 Leonem,
675 1256 831 1316 ordinatio
846 1256 1031 1317 celebranda
1046 1263 1108 1329 est,
1124 1277 1186 1318 non
1201 1255 1333 1340 quihus-

205 1361 251 1422 ais
266 1360 395 1440 diebus,
412 1361 469 1424 sed
484 1369 607 1424 tanturn
622 1360 674 1422 die
689 1359 849 1422 dominica
868 1361 1016 1443 (propter
1030 1361 1125 1444 hujus
1140 1361 1201 1422 diei
1221 1383 1331 1443 magna

204 1466 382 1547 mysteria),
405 1467 472 1541 vel,
495 1465 581 1548 quod
604 1465 687 1526 idem
710 1471 772 1539 est,
796 1464 924 1526 ineunte
946 1472 1034 1526 nocte
1050 1472 1125 1547 post
1145 1463 1330 1543 sabbatum,

204 1591 275 1653 quae
286 1591 349 1632 nox
364 1571 500 1652 pertinet
510 1571 548 1631 ad
563 1571 646 1631 diem
659 1569 859 1631 dominicam.
873 1571 986 1650 Agitur
998 1579 1119 1646 autem,
1135 1593 1198 1632 non
1213 1572 1251 1631 de
1267 1573 1332 1632 sola

205 1675 362 1736 dominica
384 1677 433 1736 die
457 1675 624 1753 Paschali,
649 1676 702 1736 sed
724 1675 763 1735 de
785 1674 933 1736 omnihus
954 1675 1066 1737 diebus
1089 1676 1272 1754 dominicis,
1298 1685 1333 1737 ut

200 1789 293 1864 patet
306 1790 375 1843 toto
395 1790 503 1844 tenore
518 1783 675 1864 epistolae;
691 1783 771 1856 imo,
788 1789 823 1842 ut
836 1782 917 1842 intra
932 1783 1064 1858 dicetur,
1081 1804 1145 1843 non
1163 1784 1220 1843 nisi
1236 1784 1334 1844 serius

206 1887 339 1948 invecta
354 1895 427 1948 sunt
443 1887 655 1948 ordinationes
669 1886 800 1948 sabbati
810 1886 926 1964 sancti,
942 1909 1035 1969 quam
1049 1888 1148 1968 diem,
1161 1896 1216 1950 aut
1227 1890 1333 1970 potius

205 2000 346 2067 noctem,
360 1993 424 2073 jam
441 1994 516 2054 satis
530 1993 703 2074 implebant
717 1993 911 2053 caeremoniae
931 1992 1091 2074 baptismi,
1109 1994 1222 2075 aliique
1239 1994 1333 2076 hujus

205 2097 266 2157 diei
281 2099 371 2158 ritus

245 2205 278 2262 3ο
294 2203 363 2262 Hoc
378 2223 469 2262 suum
485 2203 730 2284 praeceptumde
746 2203 942 2268 ordinatione
955 2203 1005 2264 die
1020 2203 1176 2264 dominica
1192 2205 1333 2266 iacienda

206 2307 319 2388 repetit
328 2308 420 2368 etiam
431 2309 462 2368 S.
474 2309 535 2368 Leo
543 2308 575 2368 in
584 2309 674 2389 epist.
682 2330 722 2382 vr,
734 2307 786 2368 Ad
793 2307 1000 2369 Anastasium
1011 2307 1331 2386 Thessalonicensem,

205 2433 237 2474 n.
249 2414 286 2473 6:
303 2437 318 2468 a
336 2412 549 2492 Cognovimus
564 2433 653 2486 sane,
668 2414 753 2495 quod
769 2435 832 2474 non
848 2413 1007 2494 potuimus
1021 2413 1146 2473 silentio
1161 2415 1331 2494 praeterire,

205 2539 222 2577 a
245 2517 433 2598 quibusdam
453 2518 602 2578 fratribus
620 2517 703 2578 solos
722 2518 883 2600 episcopos
900 2525 1022 2579 tantum
1037 2517 1149 2579 diebus
1165 2519 1334 2580 dominicis

204 2621 366 2699 ordinari,
378 2621 585 2704 presbyteros
600 2644 671 2684 aero
687 2631 716 2684 et
731 2622 894 2700 diaconos,
912 2625 993 2684 circa
1008 2645 1087 2704 quos
1103 2645 1158 2704 par
1172 2645 1334 2686 eonsecra-

206 2729 250 2788 tio
262 2729 328 2787 fieri
338 2728 442 2802 debet,
450 2728 573 2810 passim
584 2727 727 2811 quotibet
742 2727 793 2789 die
807 2728 997 2811 dignitatem
1011 2727 1114 2810 officii
1126 2727 1332 2790 sacerdotatis

204 2832 368 2914 accipere,
384 2834 467 2914 quod
483 2842 590 2894 contra
610 2854 745 2894 canones
761 2841 791 2894 et
810 2835 1008 2894 traditionem
1025 2833 1153 2894 Patrum
1171 2835 1333 2916 usurpatio

205 2939 388 3019 corrigenda
408 2939 613 3014 committit³;
639 2965 654 2996 n
675 2940 760 3020 quod
783 2940 875 3000 iterat
896 2941 957 3000 Leo
978 2941 1081 3021 quoad
1102 2940 1331 3000 ordinationem

204 3041 360 3125 episcopi,
377 3045 409 3104 in
424 3045 515 3125 epist.
533 3066 566 3118 x,
583 3043 637 3104 Ad
651 3044 814 3126 episcopos
824 3043 999 3125 provincia
1017 3044 1219 3122 Viennensis,
1235 3067 1266 3106 n.
1278 3047 1329 3106 6⁴.

205 3185 244 3193 —
268 3149 358 3208 Unde
383 3149 493 3224 etiam,
518 3169 591 3209 cum
612 3149 778 3209 Anatolius
799 3148 1028 3232 presbyterum
1053 3149 1226 3210 ordinasset
1248 3149 1331 3232 seria
1399 3149 1403 3161 ’

204 3260 309 3330 sexta,
321 3254 410 3314 illum
426 3254 483 3315 hae
498 3255 537 3314 de
551 3275 585 3314 re
599 3255 737 3333 graviter
750 3254 951 3335 reprehendit
962 3254 993 3315 S.
1008 3256 1085 3328 Le0;
1103 3256 1193 3335 epist.
1204 3277 1267 3329 cxr,
1279 3256 1333 3316 Ad

204 3357 421 3438 Marcianum,
439 3381 470 3420 n.
487 3360 539 3420 2⁵.
555 3396 596 3405 —
611 3359 710 3439 Igitur
724 3367 915 3441 praeceptum
932 3360 1044 3420 Leonis
1059 3361 1186 3440 respicit
1201 3367 1263 3420 tres
1278 3382 1331 3421 or-

205 3463 397 3540 dinationeS,
415 3485 526 3546 nempe
541 3463 694 3546 episcopi,
709 3463 911 3546 presbyteri,
928 3463 1070 3542 diaconi,
1088 3486 1165 3546 quas
1180 3466 1237 3526 hac
1252 3465 1283 3525 in
1299 3488 1330 3525 re

239 3673 332 3723 1Ηειιο
351 3689 414 3738 pars
433 3675 557 3739 epistolae
576 3675 678 3724 inserta
697 3679 739 3724 est
758 3675 876 3724 Decreto
895 3674 1031 3734 Gratiani,
1051 3691 1111 3725 cun.
1130 3675 1207 3734 Quod
1225 3676 1282 3736 die,
1303 3682 1330 3736 5,

205 3752 271 3802 dist.
287 3752 394 3802 Lxxv.

237 3831 249 3866 ²
266 3830 361 3888 Quoad
375 3831 528 3896 episcopos,
544 3845 603 3880 mos
617 3831 747 3894 antiquus
761 3833 828 3890 erat,
845 3831 927 3880 etiam
942 3832 1014 3894 apud
1027 3831 1147 3891 Graecos,
1165 3835 1196 3882 ut
1211 3847 1265 3882 non
1280 3835 1331 3882 nisi

206 3907 304 3958 diebus
324 3909 468 3958 dominicis
489 3913 722 3968 consecrarentur,
743 3913 774 3958 ut
792 3913 901 3958 constat
921 3910 1077 3966 testimonio
1100 3911 1331 3962 Certatituticnum

205 3987 432 4052 apostoticarum,
448 3987 585 4048 tib.th1,
601 4003 624 4037 e.
641 4001 677 4046 ιιῑ
693 3988 792 4050 Migne,
809 3988 839 4036 P.
853 3988 892 4046 G„
910 3991 930 4037 t.
941 4004 958 4048 r,
975 3989 1026 4038 eol.
1038 3995 1112 4049 1⁰71?
1129 3990 1183 4040 imo
1198 3993 1226 4040 et
1243 3991 1332 4040 Testa·

208 4065 291 4115 menti
305 4065 428 4124 Domini,
445 4067 491 4116 tib.
507 4066 532 4126 1,
548 4081 572 4117 c.
587 4081 645 4125 xxi,
662 4067 704 4116 ed.
720 4067 865 4126 Bahmani,
882 4081 908 4130 p.
923 4071 961 4114 27.

238 4145 249 4180 θ
265 4145 370 4206 Μίῑιιε,
386 4145 416 4194 P.
432 4145 471 4202 t..
488 4149 508 4195 t.
521 4161 573 4206 ure,
589 4146 641 4195 col.
656 4151 711 4194 62⁰.

237 4225 248 4258 ⁴
265 4221 347 4280 ibid„
363 4223 414 4272 cot.
428 4227 483 4273 flat.

239 4303 250 4335 ³
266 4301 347 4360 thid,
363 4301 415 4351 cot.
430 4307 498 4352 1021.
