3300 5056
286 480 330 530 DE
349 479 498 530 LITTERIS
517 477 807 530 niuissoniitieus
827 479 868 528 ET
887 477 1187 529 EXCORPORATIONE
1249 477 1295 528 i'ii
1381 519 1385 530 .

175 645 296 705 necne,
322 623 472 710 recipere
496 623 632 688 ordines
656 645 674 687 a
697 645 786 686 novo
809 621 986 709 episeopo,
1011 644 1080 688 non
1104 621 1298 710 adimpletis

174 735 429 802 condicionibus
447 737 655 824 praescriptis
674 737 709 802 in
728 735 822 801 bulla
840 735 1086 822 Speculatores.
1108 735 1148 801 ln
1167 735 1295 818 Gallia,

169 851 311 914 omnino
330 857 504 938 receptum
523 857 611 930 eret,
633 857 673 948 ut
695 849 803 920 laicus
822 856 882 915 aut
900 850 1042 915 clericus
1066 849 1297 915 incardinatus

172 971 303 1050 posset,
321 963 461 1029 arbitrio
480 965 561 1030 novi
580 963 746 1053 episcopi,
767 964 915 1052 recipere
933 963 1086 1046 ordines,
1102 987 1172 1028 non
1191 963 1297 1054 adim-

173 1078 273 1164 pletis
297 1077 446 1165 praefatis
470 1077 742 1160 condicionibus,
769 1085 804 1144 et
831 1079 912 1144 iicet
934 1078 969 1142 in
989 1077 1112 1142 litteris
1136 1101 1297 1166 excorpo-

171 1192 313 1257 rationis
340 1193 436 1258 nulla
464 1193 560 1258 tieret
592 1193 720 1258 mentio
744 1192 785 1258 de
809 1197 979 1281 potestate
1002 1191 1181 1257 ordinandi
1208 1192 1295 1258 iacta

170 1289 450 1395 novo'episcopo.
473 1305 525 1372 Ita
544 1307 646 1372 etiam
666 1308 783 1372 Romae
802 1305 921 1388 fiebat,
942 1306 1001 1371 ubi
1020 1306 1162 1372 clericus
1186 1307 1296 1372 incar-

170 1418 322 1504 dinatus,
344 1429 526 1509 postqnem
541 1422 716 1510 juraverat
735 1445 771 1486 se
790 1421 908 1486 Romae
927 1421 1087 1509 deinceps
1110 1445 1295 1486 commora-

171 1540 301 1616 turum,
329 1535 446 1600 statim
470 1535 659 1601 habebatur
682 1537 734 1600 nti
759 1535 903 1600 idonens
929 1535 1104 1600 ordinibus
1129 1537 1294 1624 recipien-

169 1647 252 1713 dis¹.
280 1648 429 1728 Quidam
451 1673 533 1714 vero
557 1649 719 1716 tenebant
743 1649 904 1716 clericum
928 1641 1176 1715 in'cerdinatnm
1200 1649 1294 1714 nnilo

169 1761 268 1826 modo
294 1763 443 1850 recipere
466 1787 567 1852 posse
592 1763 728 1829 ordines
752 1764 787 1829 in
811 1787 900 1828 nova
920 1763 1073 1844 dioecesi,
1099 1763 1166 1828 nisi
1188 1763 1295 1828 adim-

168 1874 276 1962 pleret
295 1877 492 1966 praescripta
506 1877 609 1944 bullae
624 1878 873 1964 Speculatores,
889 1877 945 1942 vel
957 1877 1024 1942 nisi
1038 1877 1160 1942 litterae
1179 1901 1293 1944 excor-

167 1990 357 2076 porationis
376 1991 590 2057 continerent
609 1993 712 2058 etiam
732 2015 891 2080 expresse
910 1991 1119 2057 dimissorias
1131 1997 1153 2058 ².
1172 1992 1262 2057 Praef
1280 2031 1294 2042 ·

167 2109 239 2167 tum
264 2110 381 2170 autem
401 2105 576 2171 decretum
595 2107 625 2171 A
644 2108 769 2192 primis
788 2107 850 2172 has
869 2105 1006 2172 diremit
1026 2108 1290 2187 controversias,

166 2217 337 2306 simulque
356 2219 518 2306 precavit
536 2220 684 2303 fraudes,
705 2221 817 2286 varias
836 2220 1052 2286 condiciones
1071 2222 1114 2286 ad
1133 2245 1293 2311 excorpo

166 2331 334 2397 rationem
353 2333 546 2398 stobiendo.

209 2577 278 2646 68.
311 2615 356 2625 -
387 2578 510 2646 Veris
548 2579 741 2666 requisita
774 2580 825 2648 ad
855 2581 1222 2668 excorporetionem
1256 2587 1293 2649 et

164 2690 540 2778 incorporationem.
571 2731 617 2741 —
648 2693 751 2759 Juxta
789 2694 852 2758 hoc
887 2693 1060 2758 decretum
1090 2693 1120 2757 A
1149 2695 1290 2780 primis,

166 2803 207 2868 20
227 2805 309 2891 julii
334 2803 457 2888 18981,
480 2807 515 2870 in
535 2830 602 2895 quo
621 2807 657 2872 S.
681 2807 909 2894 Congregatio
932 2807 1076 2873 Concilii
1099 2807 1292 2873 authentice

164 2917 410 3006 interpretatur
428 2920 526 3008 plura
546 2921 680 2986 decreta
699 2943 794 2986 conc.
817 2923 924 3003 Trid,
946 2945 1021 3010 quae
1039 2921 1231 2987 referuntur
1250 2923 1292 2986 ad

164 3031 364 3120 episcopum
390 3034 564 3122 proprium
588 3035 719 3099 ratione
744 3035 985 3116 ordinationis,
1011 3036 1104 3101 varia
1130 3037 1291 3124 requisita

166 3155 261 3229 sunt,
277 3153 320 3212 ut
337 3147 402 3213 rite
421 3148 481 3213 iiat
501 3149 734 3236 excorporatio
754 3155 788 3213 et
807 3149 1019 3240 subsequens
1038 3141 1287 3238 incorporatio:

210 3264 245 3325 i⁰
272 3261 327 3326 Ex
351 3269 448 3349 parte
476 3261 584 3350 ipsius
601 3265 915 3348 commorationis,
944 3264 1011 3328 duo
1039 3265 1287 3352 requiruntur:

166 3377 196 3437 i.
222 3375 270 3441 Ut
294 3375 355 3440 fiat
381 3403 397 3434 «
419 3374 523 3462 justis
547 3375 588 3441 de
612 3377 724 3442 causis
752 3403 785 3459 n,
812 3400 958 3464 quarum
982 3377 1162 3443 aestimatio
1186 3380 1290 3444 relin-

164 3489 281 3576 quitur
296 3489 425 3576 judicio
445 3489 595 3579 episcopi
615 3491 887 3579 excorporantis3
903 3528 947 3540 -
959 3491 991 3557 2.
1012 3492 1059 3558 Ut
1073 3493 1133 3558 fiat
1154 3520 1170 3552 «
1192 3492 1290 3558 abso·
1391 3565 1393 3570 ,

164 3601 233 3668 lute
254 3610 289 3668 et
309 3603 345 3668 in
364 3611 566 3692 perpetuum
585 3621 620 3687 n,
636 3603 671 3669 id
690 3613 743 3671 est
762 3605 834 3670 sine
853 3605 925 3670 nlla
944 3606 1158 3672 restrictione
1178 3609 1288 3696 quoad

193 3821 202 3855 ¹
220 3821 302 3880 Quod
317 3825 435 3873 testetur
448 3825 590 3883 Avenzini‚
606 3826 674 3874 Acta
687 3825 713 3875 S.
724 3825 808 3883 Sedis,
826 3829 845 3875 t.
856 3841 892 3884 rr,
906 3841 933 3890 p.
945 3829 999 3886 191,
1013 3831 1070 3876 not.
1081 3833 1108 3886 1;
1123 3830 1194 3877 unde
1207 3830 1288 3878 etiarn

162 3899 218 3960 hic,
239 3901 365 3950 scribens
384 3915 427 3950 nn.
448 3907 521 3962 1811,
546 3903 613 3952 dicit
637 3903 885 3953 incardinationem
904 3919 963 3953 esse
982 3920 1083 3954 novum
1103 3907 1212 3956 titulum
1232 3923 1288 3955 sor-

162 3977 245 4027 tiendi
261 3979 422 4042 episcopum
436 3981 576 4044 proprium
589 3982 694 4031 ratione
709 3983 900 4042 ordinationis,
915 3981 982 4033 ibid.
1098 3983 1100 3990 '

190 4056 202 4092 ¹
217 4057 262 4107 lte
276 4057 397 4120 scriptur
409 4059 540 4121 periodici
554 4059 580 4108 il
594 4059 727 4109 itonitore
740 4059 935 4122 ecclesiastico,
949 4065 971 4111 t
988 4077 1049 4122 mn,
1065 4065 1135 4126 pert.
1149 4070 1176 4121 2,
1193 4079 1220 4126 p.
1231 4067 1289 4112 tit·

161 4139 219 4194 118;
235 4135 275 4184 ite
291 4137 373 4185 etiem
389 4137 531 4200 Gesperri,
545 4139 584 4187 De
598 4153 676 4188 sacra
691 4138 873 4197 ordinatione,
885 4155 911 4190 n.
923 4144 1074 4200 861,891,1.
1087 4157 1114 4201 n,
1128 4157 1155 4203 p.
1168 4145 1286 4200 116,111.

192 4213 203 4248 ²
219 4213 290 4262 Acta
304 4214 329 4264 S.
342 4214 427 4274 Sedis,
445 4220 464 4265 t.
478 4231 552 4276 xxxi,
567 4233 593 4280 p.
609 4221 691 4276 19-51,
708 4217 751 4266 vel
767 4217 920 4276 Canoniste,
938 4223 957 4268 t.
973 4236 1030 4279 xxi,
1046 4235 1090 4268 nn.
1106 4225 1175 4280 1898,
1192 4237 1218 4283 p.
1232 4225 1286 4269 618.

162 4317 192 4328 -
205 4292 266 4342 Hoc
280 4291 422 4342 demtum
437 4294 522 4344 hebes
536 4296 570 4344 ed
584 4296 687 4346 calcem
701 4296 782 4359 hujus
796 4297 954 4357 voluminis,
971 4297 1167 4347 Documentum
1187 4300 1215 4346 V.
