<?xml version="1.0" encoding="UTF-8"?>
<!DOCTYPE html PUBLIC "-//W3C//DTD XHTML 1.0 Transitional//EN"
    "http://www.w3.org/TR/xhtml1/DTD/xhtml1-transitional.dtd">
<html xmlns="http://www.w3.org/1999/xhtml" xml:lang="en" lang="en">
 <head>
  <title>
</title>
<meta http-equiv="Content-Type" content="text/html;charset=utf-8" />
  <meta name='ocr-system' content='tesseract 3.04.00' />
  <meta name='ocr-capabilities' content='ocr_page ocr_carea ocr_par ocr_line ocrx_word'/>
</head>
<body>
  <div class='ocr_page' id='page_1' title='image "./praelectionesde00manygoog_0436.png"; bbox 0 0 3294 5054; ppageno 0'>
   <div class='ocr_carea' id='block_1_1' title="bbox 281 464 1321 518">
    <p class='ocr_par' dir='ltr' id='par_1_1' title="bbox 281 464 1321 518">
     <span class='ocr_line' id='line_1_1' title="bbox 281 464 1321 518; baseline 0.002 -2"><span class='ocrx_word' id='word_1_1' title='bbox 281 468 325 518; x_wconf 89' lang='lat' dir='ltr'><strong>DE</strong></span> <span class='ocrx_word' id='word_1_2' title='bbox 345 467 572 518; x_wconf 67' lang='lat' dir='ltr'><strong>onninamente</strong></span> <span class='ocrx_word' id='word_1_3' title='bbox 592 467 841 518; x_wconf 81' lang='lat' dir='ltr'>RELIGIOSORUM</span> <span class='ocrx_word' id='word_1_4' title='bbox 860 467 1021 518; x_wconf 66' lang='lat' dir='ltr'><strong>volonum</strong></span> <span class='ocrx_word' id='word_1_5' title='bbox 1040 467 1234 518; x_wconf 75' lang='lat' dir='ltr'><strong>SllthLlCllJlll</strong></span> <span class='ocrx_word' id='word_1_6' title='bbox 1267 464 1321 518; x_wconf 76' lang='lat'><strong>423</strong></span> 
     </span>
    </p>
   </div>
   <div class='ocr_carea' id='block_1_2' title="bbox 194 611 1321 1271">
    <p class='ocr_par' dir='ltr' id='par_1_2' title="bbox 194 611 1321 1040">
     <span class='ocr_line' id='line_1_2' title="bbox 194 611 1321 698; baseline 0 -24"><span class='ocrx_word' id='word_1_7' title='bbox 194 611 298 676; x_wconf 91' lang='lat' dir='ltr'><strong>tionis</strong></span> <span class='ocrx_word' id='word_1_8' title='bbox 324 619 454 698; x_wconf 85' lang='lat' dir='ltr'><strong>partes,</strong></span> <span class='ocrx_word' id='word_1_9' title='bbox 476 613 578 676; x_wconf 88' lang='lat' dir='ltr'><strong>etiam</strong></span> <span class='ocrx_word' id='word_1_10' title='bbox 602 635 744 676; x_wconf 77' lang='lat' dir='ltr'>examen</span> <span class='ocrx_word' id='word_1_11' title='bbox 773 612 814 676; x_wconf 91' lang='lat' dir='ltr'><strong>de</strong></span> <span class='ocrx_word' id='word_1_12' title='bbox 840 611 1010 692; x_wconf 83' lang='lat' dir='ltr'><strong>doctrina,</strong></span> <span class='ocrx_word' id='word_1_13' title='bbox 1033 612 1196 698; x_wconf 80' lang='lat' dir='ltr'>superiori</span> <span class='ocrx_word' id='word_1_14' title='bbox 1223 611 1321 676; x_wconf 90' lang='lat' dir='ltr'><strong>insti-</strong></span> 
     </span>
     <span class='ocr_line' id='line_1_3' title="bbox 194 724 1320 813; baseline 0.001 -25"><span class='ocrx_word' id='word_1_15' title='bbox 194 725 272 805; x_wconf 88' lang='lat' dir='ltr'><strong>tuti,</strong></span> <span class='ocrx_word' id='word_1_16' title='bbox 294 725 350 790; x_wconf 91' lang='lat' dir='ltr'><strong>vel</strong></span> <span class='ocrx_word' id='word_1_17' title='bbox 364 725 446 790; x_wconf 88' lang='lat' dir='ltr'><strong>viris</strong></span> <span class='ocrx_word' id='word_1_18' title='bbox 460 725 503 792; x_wconf 89' lang='lat' dir='ltr'><strong>ab</strong></span> <span class='ocrx_word' id='word_1_19' title='bbox 520 727 583 791; x_wconf 91' lang='lat' dir='ltr'><strong>hoo</strong></span> <span class='ocrx_word' id='word_1_20' title='bbox 602 726 784 812; x_wconf 80' lang='lat' dir='ltr'><strong>delegatis3</strong></span> <span class='ocrx_word' id='word_1_21' title='bbox 802 726 871 790; x_wconf 88' lang='lat' dir='ltr'><strong>imo</strong></span> <span class='ocrx_word' id='word_1_22' title='bbox 891 726 988 791; x_wconf 90' lang='lat' dir='ltr'><strong>decet</strong></span> <span class='ocrx_word' id='word_1_23' title='bbox 1004 733 1040 790; x_wconf 91' lang='lat' dir='ltr'><strong>ut</strong></span> <span class='ocrx_word' id='word_1_24' title='bbox 1054 726 1155 790; x_wconf 88' lang='lat' dir='ltr'><strong>fidem</strong></span> <span class='ocrx_word' id='word_1_25' title='bbox 1171 724 1320 813; x_wconf 68' lang='lat' dir='ltr'><strong>praebeat</strong></span> 
     </span>
     <span class='ocr_line' id='line_1_4' title="bbox 194 839 1318 928; baseline 0.002 -26"><span class='ocrx_word' id='word_1_26' title='bbox 194 839 247 902; x_wconf 89' lang='lat' dir='ltr'><strong>his</strong></span> <span class='ocrx_word' id='word_1_27' title='bbox 266 863 342 928; x_wconf 79' lang='lat' dir='ltr'><strong>qum</strong></span> <span class='ocrx_word' id='word_1_28' title='bbox 366 846 512 905; x_wconf 87' lang='lat' dir='ltr'><strong>testatur</strong></span> <span class='ocrx_word' id='word_1_29' title='bbox 536 841 704 928; x_wconf 86' lang='lat' dir='ltr'>superior,</span> <span class='ocrx_word' id='word_1_30' title='bbox 726 841 824 927; x_wconf 90' lang='lat' dir='ltr'><strong>cujus</strong></span> <span class='ocrx_word' id='word_1_31' title='bbox 849 840 988 904; x_wconf 89' lang='lat' dir='ltr'><strong>maximi</strong></span> <span class='ocrx_word' id='word_1_32' title='bbox 1008 841 1166 920; x_wconf 89' lang='lat' dir='ltr'><strong>interest,</strong></span> <span class='ocrx_word' id='word_1_33' title='bbox 1187 847 1226 905; x_wconf 90' lang='lat' dir='ltr'><strong>ut</strong></span> <span class='ocrx_word' id='word_1_34' title='bbox 1249 863 1318 904; x_wconf 93' lang='lat' dir='ltr'><strong>non</strong></span> 
     </span>
     <span class='ocr_line' id='line_1_5' title="bbox 194 953 754 1040; baseline 0.005 -23"><span class='ocrx_word' id='word_1_35' title='bbox 194 953 260 1018; x_wconf 91' lang='lat' dir='ltr'><strong>nisi</strong></span> <span class='ocrx_word' id='word_1_36' title='bbox 280 954 375 1040; x_wconf 87' lang='lat' dir='ltr'>digni</span> <span class='ocrx_word' id='word_1_37' title='bbox 395 954 524 1018; x_wconf 81' lang='lat' dir='ltr'>alumni</span> <span class='ocrx_word' id='word_1_38' title='bbox 543 954 754 1020; x_wconf 82' lang='lat' dir='ltr'><strong>ordinentur.</strong></span> 
     </span>
    </p>

    <p class='ocr_par' dir='ltr' id='par_1_3' title="bbox 194 1067 1321 1271">
     <span class='ocr_line' id='line_1_6' title="bbox 239 1067 1321 1133; baseline 0.002 -3"><span class='ocrx_word' id='word_1_39' title='bbox 239 1067 275 1130; x_wconf 80' lang='lat'><strong>2⁰</strong></span> <span class='ocrx_word' id='word_1_40' title='bbox 303 1067 338 1132; x_wconf 90' lang='lat' dir='ltr'><strong>Si</strong></span> <span class='ocrx_word' id='word_1_41' title='bbox 370 1067 566 1133; x_wconf 88' lang='lat' dir='ltr'><strong>institutum</strong></span> <span class='ocrx_word' id='word_1_42' title='bbox 604 1068 735 1133; x_wconf 84' lang='lat' dir='ltr'><strong>fruatur</strong></span> <span class='ocrx_word' id='word_1_43' title='bbox 772 1068 904 1132; x_wconf 89' lang='lat' dir='ltr'><strong>indulto</strong></span> <span class='ocrx_word' id='word_1_44' title='bbox 942 1068 1149 1132; x_wconf 88' lang='lat' dir='ltr'><strong>concedendi</strong></span> <span class='ocrx_word' id='word_1_45' title='bbox 1187 1068 1321 1132; x_wconf 78' lang='lat' dir='ltr'><strong>litteras</strong></span> 
     </span>
     <span class='ocr_line' id='line_1_7' title="bbox 194 1182 1319 1271; baseline 0 -25"><span class='ocrx_word' id='word_1_46' title='bbox 194 1182 438 1248; x_wconf 83' lang='lat' dir='ltr'><strong>dimissoriales</strong></span> <span class='ocrx_word' id='word_1_47' title='bbox 476 1182 621 1248; x_wconf 87' lang='lat' dir='ltr'><strong>subditis</strong></span> <span class='ocrx_word' id='word_1_48' title='bbox 659 1184 746 1264; x_wconf 88' lang='lat' dir='ltr'><strong>suis,</strong></span> <span class='ocrx_word' id='word_1_49' title='bbox 783 1183 883 1271; x_wconf 87' lang='lat' dir='ltr'><strong>quale</strong></span> <span class='ocrx_word' id='word_1_50' title='bbox 924 1206 1015 1248; x_wconf 90' lang='lat' dir='ltr'><strong>nunc</strong></span> <span class='ocrx_word' id='word_1_51' title='bbox 1054 1183 1194 1248; x_wconf 85' lang='lat' dir='ltr'><strong>concedi</strong></span> <span class='ocrx_word' id='word_1_52' title='bbox 1232 1182 1319 1247; x_wconf 86' lang='lat' dir='ltr'><strong>solet</strong></span> 
     </span>
    </p>
   </div>
   <div class='ocr_carea' id='block_1_3' title="bbox 193 1297 1319 1386">
    <p class='ocr_par' dir='ltr' id='par_1_4' title="bbox 193 1297 1319 1386">
     <span class='ocr_line' id='line_1_8' title="bbox 193 1297 1319 1386; baseline 0 -25"><span class='ocrx_word' id='word_1_53' title='bbox 193 1297 330 1386; x_wconf 90' lang='lat' dir='ltr'><strong>(supra,</strong></span> <span class='ocrx_word' id='word_1_54' title='bbox 353 1321 387 1364; x_wconf 92' lang='lat' dir='ltr'><strong>n.</strong></span> <span class='ocrx_word' id='word_1_55' title='bbox 412 1297 533 1383; x_wconf 76' lang='lat'><strong>178),</strong></span> <span class='ocrx_word' id='word_1_56' title='bbox 564 1305 646 1363; x_wconf 90' lang='lat' dir='ltr'><strong>tuno</strong></span> <span class='ocrx_word' id='word_1_57' title='bbox 670 1321 812 1362; x_wconf 83' lang='lat' dir='ltr'><strong>examen</strong></span> <span class='ocrx_word' id='word_1_58' title='bbox 841 1298 882 1362; x_wconf 92' lang='lat' dir='ltr'><strong>de</strong></span> <span class='ocrx_word' id='word_1_59' title='bbox 911 1299 1065 1362; x_wconf 85' lang='lat' dir='ltr'><strong>doctrina</strong></span> <span class='ocrx_word' id='word_1_60' title='bbox 1095 1298 1242 1385; x_wconf 78' lang='lat' dir='ltr'><strong>pertinet</strong></span> <span class='ocrx_word' id='word_1_61' title='bbox 1276 1297 1319 1362; x_wconf 88' lang='lat' dir='ltr'><strong>ad</strong></span> 
     </span>
    </p>
   </div>
   <div class='ocr_carea' id='block_1_4' title="bbox 192 1411 1319 1958">
    <p class='ocr_par' dir='ltr' id='par_1_5' title="bbox 192 1411 1319 1958">
     <span class='ocr_line' id='line_1_9' title="bbox 194 1411 1319 1501; baseline 0 -25"><span class='ocrx_word' id='word_1_62' title='bbox 194 1411 390 1500; x_wconf 87' lang='lat' dir='ltr'><strong>episcopum</strong></span> <span class='ocrx_word' id='word_1_63' title='bbox 419 1413 649 1491; x_wconf 80' lang='lat' dir='ltr'><strong>ordinantem,</strong></span> <span class='ocrx_word' id='word_1_64' title='bbox 682 1413 757 1500; x_wconf 90' lang='lat' dir='ltr'><strong>qui,</strong></span> <span class='ocrx_word' id='word_1_65' title='bbox 789 1411 906 1501; x_wconf 89' lang='lat' dir='ltr'><strong>quoad·</strong></span> <span class='ocrx_word' id='word_1_66' title='bbox 928 1420 1057 1494; x_wconf 86' lang='lat' dir='ltr'><strong>cetera,</strong></span> <span class='ocrx_word' id='word_1_67' title='bbox 1093 1421 1183 1490; x_wconf 82' lang='lat' dir='ltr'><strong>stare</strong></span> <span class='ocrx_word' id='word_1_68' title='bbox 1216 1411 1319 1477; x_wconf 88' lang='lat' dir='ltr'><strong>debet</strong></span> 
     </span>
     <span class='ocr_line' id='line_1_10' title="bbox 193 1526 1319 1614; baseline 0.001 -24"><span class='ocrx_word' id='word_1_69' title='bbox 193 1527 404 1591; x_wconf 84' lang='lat' dir='ltr'><strong>attestationi</strong></span> <span class='ocrx_word' id='word_1_70' title='bbox 433 1527 657 1614; x_wconf 89' lang='lat' dir='ltr'><strong>superiorum.</strong></span> <span class='ocrx_word' id='word_1_71' title='bbox 680 1526 730 1593; x_wconf 89' lang='lat' dir='ltr'><strong>lta</strong></span> <span class='ocrx_word' id='word_1_72' title='bbox 756 1527 846 1592; x_wconf 90' lang='lat' dir='ltr'><strong>enim</strong></span> <span class='ocrx_word' id='word_1_73' title='bbox 871 1535 1008 1592; x_wconf 86' lang='lat' dir='ltr'><strong>cautum</strong></span> <span class='ocrx_word' id='word_1_74' title='bbox 1038 1535 1090 1592; x_wconf 90' lang='lat' dir='ltr'><strong>est</strong></span> <span class='ocrx_word' id='word_1_75' title='bbox 1118 1527 1153 1591; x_wconf 91' lang='lat' dir='ltr'><strong>in</strong></span> <span class='ocrx_word' id='word_1_76' title='bbox 1182 1526 1319 1591; x_wconf 88' lang='lat' dir='ltr'><strong>decreto</strong></span> 
     </span>
     <span class='ocr_line' id='line_1_11' title="bbox 193 1640 1315 1731; baseline 0.004 -25"><span class='ocrx_word' id='word_1_77' title='bbox 193 1640 382 1706; x_wconf 87' lang='lat' dir='ltr'><strong>Clementis</strong></span> <span class='ocrx_word' id='word_1_78' title='bbox 393 1640 473 1705; x_wconf 85' lang='lat' dir='ltr'>VIII</span> <span class='ocrx_word' id='word_1_79' title='bbox 491 1641 558 1730; x_wconf 83' lang='lat' dir='ltr'><strong>(an.</strong></span> <span class='ocrx_word' id='word_1_80' title='bbox 572 1642 673 1730; x_wconf 78' lang='lat'>1596)</span> <span class='ocrx_word' id='word_1_81' title='bbox 688 1642 799 1730; x_wconf 89' lang='lat' dir='ltr'><strong>quoad</strong></span> <span class='ocrx_word' id='word_1_82' title='bbox 810 1643 995 1728; x_wconf 75' lang='lat' dir='ltr'><strong>Requlares</strong></span> <span class='ocrx_word' id='word_1_83' title='bbox 1008 1643 1134 1731; x_wconf 84' lang='lat' dir='ltr'><strong>(supra,</strong></span> <span class='ocrx_word' id='word_1_84' title='bbox 1148 1665 1182 1706; x_wconf 92' lang='lat' dir='ltr'><strong>n.</strong></span> <span class='ocrx_word' id='word_1_85' title='bbox 1203 1641 1315 1728; x_wconf 81' lang='grc'><strong>162);</strong></span> 
     </span>
     <span class='ocr_line' id='line_1_12' title="bbox 192 1755 1319 1844; baseline 0.003 -26"><span class='ocrx_word' id='word_1_86' title='bbox 192 1777 291 1842; x_wconf 94' lang='lat' dir='ltr'><strong>porro</strong></span> <span class='ocrx_word' id='word_1_87' title='bbox 317 1755 456 1820; x_wconf 90' lang='lat' dir='ltr'><strong>solitum</strong></span> <span class='ocrx_word' id='word_1_88' title='bbox 475 1755 646 1820; x_wconf 91' lang='lat' dir='ltr'><strong>indultum</strong></span> <span class='ocrx_word' id='word_1_89' title='bbox 672 1757 714 1820; x_wconf 90' lang='lat' dir='ltr'><strong>de</strong></span> <span class='ocrx_word' id='word_1_90' title='bbox 738 1779 804 1844; x_wconf 92' lang='lat' dir='ltr'><strong>quo</strong></span> <span class='ocrx_word' id='word_1_91' title='bbox 824 1756 953 1842; x_wconf 84' lang='lat' dir='ltr'><strong>agitur,</strong></span> <span class='ocrx_word' id='word_1_92' title='bbox 976 1779 1134 1842; x_wconf 88' lang='lat' dir='ltr'><strong>expresse</strong></span> <span class='ocrx_word' id='word_1_93' title='bbox 1159 1779 1195 1820; x_wconf 91' lang='lat' dir='ltr'><strong>se</strong></span> <span class='ocrx_word' id='word_1_94' title='bbox 1215 1755 1319 1821; x_wconf 83' lang='lat' dir='ltr'><strong>refert</strong></span> 
     </span>
     <span class='ocr_line' id='line_1_13' title="bbox 194 1869 1317 1958; baseline 0 -24"><span class='ocrx_word' id='word_1_95' title='bbox 194 1869 236 1934; x_wconf 93' lang='lat' dir='ltr'><strong>ad</strong></span> <span class='ocrx_word' id='word_1_96' title='bbox 264 1870 439 1934; x_wconf 87' lang='lat' dir='ltr'><strong>decretum</strong></span> <span class='ocrx_word' id='word_1_97' title='bbox 464 1869 732 1952; x_wconf 70' lang='lat' dir='ltr'><strong>Clementiam,</strong></span> <span class='ocrx_word' id='word_1_98' title='bbox 769 1877 807 1935; x_wconf 94' lang='lat' dir='ltr'><strong>ut</strong></span> <span class='ocrx_word' id='word_1_99' title='bbox 836 1878 930 1957; x_wconf 88' lang='lat' dir='ltr'><strong>patet</strong></span> <span class='ocrx_word' id='word_1_100' title='bbox 961 1871 1036 1958; x_wconf 91' lang='lat' dir='ltr'><strong>ejus</strong></span> <span class='ocrx_word' id='word_1_101' title='bbox 1068 1877 1186 1934; x_wconf 87' lang='lat' dir='ltr'><strong>tenore</strong></span> <span class='ocrx_word' id='word_1_102' title='bbox 1216 1893 1317 1958; x_wconf 86' lang='lat' dir='ltr'><strong>supra</strong></span> 
     </span>
    </p>
   </div>
   <div class='ocr_carea' id='block_1_5' title="bbox 192 1983 548 2072">
    <p class='ocr_par' dir='ltr' id='par_1_6' title="bbox 192 1983 548 2072">
     <span class='ocr_line' id='line_1_14' title="bbox 192 1983 548 2072; baseline 0.003 -24"><span class='ocrx_word' id='word_1_103' title='bbox 192 1985 346 2071; x_wconf 85' lang='lat' dir='ltr'><strong>exposito</strong></span> <span class='ocrx_word' id='word_1_104' title='bbox 367 1983 416 2070; x_wconf 91' lang='lat' dir='ltr'><strong>(n.</strong></span> <span class='ocrx_word' id='word_1_105' title='bbox 441 1983 548 2072; x_wconf 76' lang='lat'><strong>178).</strong></span> 
     </span>
    </p>
   </div>
   <div class='ocr_carea' id='block_1_6' title="bbox 182 2238 1326 3695">
    <p class='ocr_par' dir='ltr' id='par_1_7' title="bbox 182 2238 1326 3695">
     <span class='ocr_line' id='line_1_15' title="bbox 238 2238 1319 2326; baseline -0.002 -20"><span class='ocrx_word' id='word_1_106' title='bbox 238 2239 332 2308; x_wconf 87' lang='lat'><strong>185.</strong></span> <span class='ocrx_word' id='word_1_107' title='bbox 357 2277 401 2288; x_wconf 91' lang='lat'><strong>—</strong></span> <span class='ocrx_word' id='word_1_108' title='bbox 424 2241 618 2326; x_wconf 79' lang='lat' dir='ltr'><strong>Tempora</strong></span> <span class='ocrx_word' id='word_1_109' title='bbox 641 2239 950 2307; x_wconf 82' lang='lat' dir='ltr'><strong>ordinationum.</strong></span> <span class='ocrx_word' id='word_1_110' title='bbox 972 2279 1015 2287; x_wconf 97' lang='lat'><em>-</em></span> <span class='ocrx_word' id='word_1_111' title='bbox 1039 2238 1201 2304; x_wconf 82' lang='lat' dir='ltr'><strong>Instituta</strong></span> <span class='ocrx_word' id='word_1_112' title='bbox 1221 2247 1319 2304; x_wconf 82' lang='lat' dir='ltr'><strong>voto-</strong></span> 
     </span>
     <span class='ocr_line' id='line_1_16' title="bbox 190 2353 1314 2441; baseline 0 -24"><span class='ocrx_word' id='word_1_113' title='bbox 190 2376 266 2417; x_wconf 92' lang='lat' dir='ltr'><strong>rum</strong></span> <span class='ocrx_word' id='word_1_114' title='bbox 295 2353 517 2441; x_wconf 90' lang='lat' dir='ltr'><strong>simplicium,</strong></span> <span class='ocrx_word' id='word_1_115' title='bbox 549 2354 637 2418; x_wconf 86' lang='lat' dir='ltr'><strong>sieut</strong></span> <span class='ocrx_word' id='word_1_116' title='bbox 665 2354 809 2420; x_wconf 90' lang='lat' dir='ltr'><strong>Ordines</strong></span> <span class='ocrx_word' id='word_1_117' title='bbox 833 2353 1023 2440; x_wconf 57' lang='lat' dir='ltr'><strong>regularem</strong></span> <span class='ocrx_word' id='word_1_118' title='bbox 1055 2361 1089 2418; x_wconf 89' lang='lat' dir='ltr'><strong>et</strong></span> <span class='ocrx_word' id='word_1_119' title='bbox 1120 2377 1138 2418; x_wconf 87' lang='lat' dir='ltr'><strong>a</strong></span> <span class='ocrx_word' id='word_1_120' title='bbox 1167 2353 1314 2436; x_wconf 87' lang='lat' dir='ltr'><strong>fortiori,</strong></span> 
     </span>
     <span class='ocr_line' id='line_1_17' title="bbox 189 2467 1317 2555; baseline 0 -23"><span class='ocrx_word' id='word_1_121' title='bbox 189 2474 350 2532; x_wconf 86' lang='lat' dir='ltr'><strong>tenentur</strong></span> <span class='ocrx_word' id='word_1_122' title='bbox 369 2467 443 2554; x_wconf 77' lang='lat' dir='ltr'><strong>lege</strong></span> <span class='ocrx_word' id='word_1_123' title='bbox 464 2467 625 2532; x_wconf 87' lang='lat' dir='ltr'><strong>canoniea</strong></span> <span class='ocrx_word' id='word_1_124' title='bbox 644 2467 686 2533; x_wconf 93' lang='lat' dir='ltr'><strong>de</strong></span> <span class='ocrx_word' id='word_1_125' title='bbox 706 2468 881 2532; x_wconf 84' lang='lat' dir='ltr'><strong>servandis</strong></span> <span class='ocrx_word' id='word_1_126' title='bbox 901 2467 1111 2555; x_wconf 90' lang='lat' dir='ltr'><strong>temporibus</strong></span> <span class='ocrx_word' id='word_1_127' title='bbox 1131 2468 1317 2533; x_wconf 91' lang='lat' dir='ltr'><strong>ordinatio-</strong></span> 
     </span>
     <span class='ocr_line' id='line_1_18' title="bbox 189 2581 1316 2670; baseline 0.001 -25"><span class='ocrx_word' id='word_1_128' title='bbox 189 2604 283 2645; x_wconf 90' lang='lat' dir='ltr'><strong>num.</strong></span> <span class='ocrx_word' id='word_1_129' title='bbox 305 2581 414 2662; x_wconf 86' lang='lat' dir='ltr'><strong>Unde,</strong></span> <span class='ocrx_word' id='word_1_130' title='bbox 437 2590 475 2646; x_wconf 94' lang='lat' dir='ltr'><strong>ut</strong></span> <span class='ocrx_word' id='word_1_131' title='bbox 494 2582 683 2670; x_wconf 88' lang='lat' dir='ltr'><strong>superiores</strong></span> <span class='ocrx_word' id='word_1_132' title='bbox 703 2581 858 2648; x_wconf 87' lang='lat' dir='ltr'><strong>subditos</strong></span> <span class='ocrx_word' id='word_1_133' title='bbox 879 2605 960 2646; x_wconf 92' lang='lat' dir='ltr'><strong>suos</strong></span> <span class='ocrx_word' id='word_1_134' title='bbox 979 2583 1171 2669; x_wconf 85' lang='lat' dir='ltr'><strong>promoveri</strong></span> <span class='ocrx_word' id='word_1_135' title='bbox 1191 2582 1316 2646; x_wconf 84' lang='lat' dir='ltr'><strong>faciant</strong></span> 
     </span>
     <span class='ocr_line' id='line_1_19' title="bbox 189 2695 1315 2783; baseline 0 -23"><span class='ocrx_word' id='word_1_136' title='bbox 189 2703 284 2760; x_wconf 90' lang='lat' dir='ltr'><strong>extra</strong></span> <span class='ocrx_word' id='word_1_137' title='bbox 304 2695 374 2758; x_wconf 84' lang='lat' dir='ltr'><strong>haee</strong></span> <span class='ocrx_word' id='word_1_138' title='bbox 400 2702 568 2783; x_wconf 90' lang='lat' dir='ltr'><strong>tempora,</strong></span> <span class='ocrx_word' id='word_1_139' title='bbox 590 2696 773 2782; x_wconf 88' lang='lat' dir='ltr'><strong>requiritur</strong></span> <span class='ocrx_word' id='word_1_140' title='bbox 792 2696 959 2760; x_wconf 91' lang='lat' dir='ltr'><strong>indultum</strong></span> <span class='ocrx_word' id='word_1_141' title='bbox 981 2695 1217 2783; x_wconf 89' lang='lat' dir='ltr'><strong>apostolicum.</strong></span> <span class='ocrx_word' id='word_1_142' title='bbox 1242 2696 1315 2760; x_wconf 90' lang='lat' dir='ltr'><strong>Hoc</strong></span> 
     </span>
     <span class='ocr_line' id='line_1_20' title="bbox 189 2809 1313 2897; baseline -0.001 -23"><span class='ocrx_word' id='word_1_143' title='bbox 189 2817 304 2874; x_wconf 88' lang='lat' dir='ltr'><strong>autem</strong></span> <span class='ocrx_word' id='word_1_144' title='bbox 332 2809 503 2874; x_wconf 90' lang='lat' dir='ltr'><strong>indultum</strong></span> <span class='ocrx_word' id='word_1_145' title='bbox 533 2809 735 2897; x_wconf 90' lang='lat' dir='ltr'><strong>quibusdam</strong></span> <span class='ocrx_word' id='word_1_146' title='bbox 766 2809 934 2874; x_wconf 88' lang='lat' dir='ltr'><strong>institutis</strong></span> <span class='ocrx_word' id='word_1_147' title='bbox 964 2832 1164 2874; x_wconf 85' lang='lat' dir='ltr'><strong>conoessum</strong></span> <span class='ocrx_word' id='word_1_148' title='bbox 1193 2815 1246 2874; x_wconf 89' lang='lat' dir='ltr'><strong>est</strong></span> <span class='ocrx_word' id='word_1_149' title='bbox 1280 2811 1313 2873; x_wconf 87' lang='lat' dir='ltr'><strong>in</strong></span> 
     </span>
     <span class='ocr_line' id='line_1_21' title="bbox 182 2923 1326 3011; baseline 0 -25"><span class='ocrx_word' id='word_1_150' title='bbox 182 2933 405 3009; x_wconf 88' lang='lat' dir='ltr'><strong>perpetuum,</strong></span> <span class='ocrx_word' id='word_1_151' title='bbox 440 2948 474 2988; x_wconf 91' lang='lat' dir='ltr'><strong>v.</strong></span> <span class='ocrx_word' id='word_1_152' title='bbox 507 2947 555 3010; x_wconf 80' lang='lat' dir='ltr'><strong>g.,</strong></span> <span class='ocrx_word' id='word_1_153' title='bbox 584 2923 848 3010; x_wconf 85' lang='lat' dir='ltr'><strong>Congregationi</strong></span> <span class='ocrx_word' id='word_1_154' title='bbox 885 2923 946 2989; x_wconf 86' lang='lat' dir='ltr'><strong>SS.</strong></span> <span class='ocrx_word' id='word_1_155' title='bbox 988 2923 1243 3011; x_wconf 79' lang='lat' dir='ltr'><strong>RedemptoriS,</strong></span> <span class='ocrx_word' id='word_1_156' title='bbox 1280 2923 1326 2986; x_wconf 79' lang='lat' dir='ltr'><strong>vi¹</strong></span> 
     </span>
     <span class='ocr_line' id='line_1_22' title="bbox 187 3036 1309 3123; baseline 0.001 -23"><span class='ocrx_word' id='word_1_157' title='bbox 187 3037 331 3102; x_wconf 90' lang='lat' dir='ltr'><strong>duorum</strong></span> <span class='ocrx_word' id='word_1_158' title='bbox 350 3036 520 3117; x_wconf 86' lang='lat' dir='ltr'><strong>brevium,</strong></span> <span class='ocrx_word' id='word_1_159' title='bbox 543 3037 595 3100; x_wconf 94' lang='lat' dir='ltr'><strong>Pii</strong></span> <span class='ocrx_word' id='word_1_160' title='bbox 614 3037 672 3118; x_wconf 86' lang='lat' dir='ltr'><strong>Vl,</strong></span> <span class='ocrx_word' id='word_1_161' title='bbox 691 3036 729 3100; x_wconf 88' lang='grc'><strong>21</strong></span> <span class='ocrx_word' id='word_1_162' title='bbox 753 3061 830 3123; x_wconf 86' lang='lat' dir='ltr'><strong>aug.</strong></span> <span class='ocrx_word' id='word_1_163' title='bbox 852 3037 949 3119; x_wconf 81' lang='lat'><strong>1789,</strong></span> <span class='ocrx_word' id='word_1_164' title='bbox 972 3046 1007 3103; x_wconf 89' lang='lat' dir='ltr'><strong>et</strong></span> <span class='ocrx_word' id='word_1_165' title='bbox 1027 3037 1078 3101; x_wconf 92' lang='lat' dir='ltr'><strong>Pii</strong></span> <span class='ocrx_word' id='word_1_166' title='bbox 1099 3038 1126 3100; x_wconf 88' lang='lat' dir='ltr'>V</span> <span class='ocrx_word' id='word_1_167' title='bbox 1131 3037 1178 3118; x_wconf 90' lang='lat' dir='ltr'><strong>ll,</strong></span> <span class='ocrx_word' id='word_1_168' title='bbox 1202 3039 1221 3103; x_wconf 92' lang='grc'><strong>9</strong></span> <span class='ocrx_word' id='word_1_169' title='bbox 1238 3037 1309 3122; x_wconf 87' lang='lat' dir='ltr'><strong>jan.</strong></span> 
     </span>
     <span class='ocr_line' id='line_1_23' title="bbox 189 3149 1313 3238; baseline 0 -24"><span class='ocrx_word' id='word_1_170' title='bbox 189 3149 310 3230; x_wconf 75' lang='lat'>1807¹;</span> <span class='ocrx_word' id='word_1_171' title='bbox 333 3151 410 3214; x_wconf 91' lang='lat' dir='ltr'><strong>aliis</strong></span> <span class='ocrx_word' id='word_1_172' title='bbox 434 3160 548 3215; x_wconf 88' lang='lat' dir='ltr'><strong>autem</strong></span> <span class='ocrx_word' id='word_1_173' title='bbox 567 3151 611 3214; x_wconf 88' lang='lat' dir='ltr'><strong>ad</strong></span> <span class='ocrx_word' id='word_1_174' title='bbox 632 3160 779 3235; x_wconf 79' lang='lat' dir='ltr'><strong>tempus,</strong></span> <span class='ocrx_word' id='word_1_175' title='bbox 803 3175 836 3216; x_wconf 93' lang='lat' dir='ltr'><strong>v.</strong></span> <span class='ocrx_word' id='word_1_176' title='bbox 860 3175 908 3238; x_wconf 82' lang='lat' dir='ltr'><strong>g.,</strong></span> <span class='ocrx_word' id='word_1_177' title='bbox 938 3151 1194 3238; x_wconf 85' lang='lat' dir='ltr'><strong>congregationi</strong></span> <span class='ocrx_word' id='word_1_178' title='bbox 1216 3150 1313 3216; x_wconf 88' lang='lat' dir='ltr'><strong>Sale-</strong></span> 
     </span>
     <span class='ocr_line' id='line_1_24' title="bbox 187 3263 1309 3352; baseline 0.001 -24"><span class='ocrx_word' id='word_1_179' title='bbox 187 3265 301 3346; x_wconf 87' lang='lat' dir='ltr'><strong>sianae,</strong></span> <span class='ocrx_word' id='word_1_180' title='bbox 323 3267 368 3328; x_wconf 86' lang='lat' dir='ltr'><strong>ad</strong></span> <span class='ocrx_word' id='word_1_181' title='bbox 383 3265 672 3350; x_wconf 82' lang='lat' dir='ltr'><strong>quinquennium,</strong></span> <span class='ocrx_word' id='word_1_182' title='bbox 696 3287 738 3328; x_wconf 87' lang='lat' dir='ltr'><strong>ex</strong></span> <span class='ocrx_word' id='word_1_183' title='bbox 762 3265 819 3330; x_wconf 86' lang='lat' dir='ltr'><strong>eit.</strong></span> <span class='ocrx_word' id='word_1_184' title='bbox 843 3265 1013 3329; x_wconf 87' lang='lat' dir='ltr'><strong>decisione</strong></span> <span class='ocrx_word' id='word_1_185' title='bbox 1038 3265 1074 3329; x_wconf 91' lang='lat' dir='ltr'><strong>S.</strong></span> <span class='ocrx_word' id='word_1_186' title='bbox 1096 3264 1222 3351; x_wconf 83' lang='lat' dir='ltr'><strong>Congr.</strong></span> <span class='ocrx_word' id='word_1_187' title='bbox 1246 3263 1309 3352; x_wconf 89' lang='lat' dir='ltr'><strong>Ep.</strong></span> 
     </span>
     <span class='ocr_line' id='line_1_25' title="bbox 186 3379 1311 3466; baseline 0 -22"><span class='ocrx_word' id='word_1_188' title='bbox 186 3387 220 3444; x_wconf 90' lang='lat' dir='ltr'><strong>ot</strong></span> <span class='ocrx_word' id='word_1_189' title='bbox 243 3381 344 3466; x_wconf 84' lang='lat' dir='ltr'><strong>Reg.,</strong></span> <span class='ocrx_word' id='word_1_190' title='bbox 373 3380 408 3443; x_wconf 92' lang='lat' dir='ltr'><strong>in</strong></span> <span class='ocrx_word' id='word_1_191' title='bbox 443 3379 639 3462; x_wconf 65' lang='lat' dir='ltr'><strong>Taurinou„</strong></span> <span class='ocrx_word' id='word_1_192' title='bbox 669 3380 711 3443; x_wconf 71' lang='lat'><strong>24</strong></span> <span class='ocrx_word' id='word_1_193' title='bbox 740 3380 823 3444; x_wconf 93' lang='lat' dir='ltr'><strong>lebr.</strong></span> <span class='ocrx_word' id='word_1_194' title='bbox 854 3379 951 3444; x_wconf 85' lang='grc'><strong>1899.</strong></span> <span class='ocrx_word' id='word_1_195' title='bbox 982 3379 1108 3465; x_wconf 76' lang='lat' dir='ltr'><strong>Agitur</strong></span> <span class='ocrx_word' id='word_1_196' title='bbox 1134 3387 1248 3443; x_wconf 89' lang='lat' dir='ltr'><strong>autem</strong></span> <span class='ocrx_word' id='word_1_197' title='bbox 1269 3381 1311 3444; x_wconf 90' lang='lat' dir='ltr'><strong>de</strong></span> 
     </span>
     <span class='ocr_line' id='line_1_26' title="bbox 185 3493 1309 3582; baseline 0.002 -26"><span class='ocrx_word' id='word_1_198' title='bbox 185 3494 317 3558; x_wconf 91' lang='lat' dir='ltr'><strong>indulto</strong></span> <span class='ocrx_word' id='word_1_199' title='bbox 337 3517 397 3558; x_wconf 88' lang='lat' dir='ltr'><strong>seu</strong></span> <span class='ocrx_word' id='word_1_200' title='bbox 416 3493 593 3582; x_wconf 75' lang='lat' dir='ltr'><strong>privilegio</strong></span> <span class='ocrx_word' id='word_1_201' title='bbox 613 3495 800 3578; x_wconf 82' lang='lat' dir='ltr'><strong>ordinarie,</strong></span> <span class='ocrx_word' id='word_1_202' title='bbox 818 3495 883 3558; x_wconf 90' lang='lat' dir='ltr'><strong>nisi</strong></span> <span class='ocrx_word' id='word_1_203' title='bbox 898 3502 1032 3559; x_wconf 87' lang='lat' dir='ltr'><strong>constet</strong></span> <span class='ocrx_word' id='word_1_204' title='bbox 1052 3493 1135 3581; x_wconf 94' lang='lat' dir='ltr'><strong>quid</strong></span> <span class='ocrx_word' id='word_1_205' title='bbox 1153 3503 1309 3558; x_wconf 73' lang='lat' dir='ltr'><strong>entraor-</strong></span> 
     </span>
     <span class='ocr_line' id='line_1_27' title="bbox 184 3607 858 3695; baseline 0.003 -24"><span class='ocrx_word' id='word_1_206' title='bbox 184 3609 358 3672; x_wconf 83' lang='lat' dir='ltr'><strong>dinarium</strong></span> <span class='ocrx_word' id='word_1_207' title='bbox 378 3607 517 3672; x_wconf 84' lang='lat' dir='ltr'><strong>concedi</strong></span> <span class='ocrx_word' id='word_1_208' title='bbox 538 3607 669 3695; x_wconf 88' lang='lat' dir='ltr'><strong>(supra,</strong></span> <span class='ocrx_word' id='word_1_209' title='bbox 692 3632 725 3673; x_wconf 92' lang='lat' dir='ltr'><strong>n.</strong></span> <span class='ocrx_word' id='word_1_210' title='bbox 750 3608 858 3690; x_wconf 74' lang='lat'><strong>166).</strong></span> 
     </span>
    </p>
   </div>
   <div class='ocr_carea' id='block_1_7' title="bbox 181 3860 1307 4063">
    <p class='ocr_par' dir='ltr' id='par_1_8' title="bbox 181 3860 1307 4063">
     <span class='ocr_line' id='line_1_28' title="bbox 229 3860 1307 3930; baseline -0.001 -3"><span class='ocrx_word' id='word_1_211' title='bbox 229 3860 323 3930; x_wconf 87' lang='grc'><strong>186.</strong></span> <span class='ocrx_word' id='word_1_212' title='bbox 353 3899 396 3908; x_wconf 98' lang='grc'>-</span> <span class='ocrx_word' id='word_1_213' title='bbox 423 3861 656 3930; x_wconf 76' lang='lat' dir='ltr'><strong>Interstitie.</strong></span> <span class='ocrx_word' id='word_1_214' title='bbox 685 3900 730 3909; x_wconf 92' lang='lat'>—</span> <span class='ocrx_word' id='word_1_215' title='bbox 756 3861 849 3925; x_wconf 90' lang='lat' dir='ltr'><strong>Idem</strong></span> <span class='ocrx_word' id='word_1_216' title='bbox 879 3861 940 3926; x_wconf 90' lang='lat' dir='ltr'><strong>hac</strong></span> <span class='ocrx_word' id='word_1_217' title='bbox 965 3861 1000 3924; x_wconf 92' lang='lat' dir='ltr'><strong>in</strong></span> <span class='ocrx_word' id='word_1_218' title='bbox 1030 3885 1065 3925; x_wconf 90' lang='lat' dir='ltr'><strong>ro</strong></span> <span class='ocrx_word' id='word_1_219' title='bbox 1094 3862 1237 3926; x_wconf 85' lang='lat' dir='ltr'><strong>dixerim</strong></span> <span class='ocrx_word' id='word_1_220' title='bbox 1265 3863 1307 3926; x_wconf 91' lang='lat' dir='ltr'><strong>de</strong></span> 
     </span>
     <span class='ocr_line' id='line_1_29' title="bbox 181 3973 1303 4063; baseline 0.003 -27"><span class='ocrx_word' id='word_1_221' title='bbox 181 3973 347 4038; x_wconf 86' lang='lat' dir='ltr'><strong>institutis</strong></span> <span class='ocrx_word' id='word_1_222' title='bbox 359 3981 515 4038; x_wconf 84' lang='lat' dir='ltr'><strong>votorum</strong></span> <span class='ocrx_word' id='word_1_223' title='bbox 536 3974 752 4062; x_wconf 86' lang='lat' dir='ltr'><strong>simplicium,</strong></span> <span class='ocrx_word' id='word_1_224' title='bbox 772 3974 861 4062; x_wconf 93' lang='lat' dir='ltr'><strong>quod</strong></span> <span class='ocrx_word' id='word_1_225' title='bbox 877 3975 918 4039; x_wconf 90' lang='lat' dir='ltr'><strong>de</strong></span> <span class='ocrx_word' id='word_1_226' title='bbox 928 3973 1154 4060; x_wconf 83' lang='lat' dir='ltr'><strong>Regularibus</strong></span> <span class='ocrx_word' id='word_1_227' title='bbox 1175 3986 1303 4063; x_wconf 66' lang='lat' dir='ltr'><strong>(supra,</strong></span> 
     </span>
    </p>
   </div>
   <div class='ocr_carea' id='block_1_8' title="bbox 180 4206 1303 4348">
    <p class='ocr_par' dir='ltr' id='par_1_9' title="bbox 180 4206 1303 4348">
     <span class='ocr_line' id='line_1_30' title="bbox 213 4206 1303 4272; baseline 0.002 -18"><span class='ocrx_word' id='word_1_228' title='bbox 213 4206 221 4240; x_wconf 89' lang='lat'>¹</span> <span class='ocrx_word' id='word_1_229' title='bbox 240 4207 277 4257; x_wconf 82' lang='lat' dir='ltr'><strong>Ut</strong></span> <span class='ocrx_word' id='word_1_230' title='bbox 292 4211 409 4256; x_wconf 85' lang='lat' dir='ltr'><strong>testatur</strong></span> <span class='ocrx_word' id='word_1_231' title='bbox 424 4209 599 4256; x_wconf 74' lang='lat' dir='ltr'><strong>Provinctatis</strong></span> <span class='ocrx_word' id='word_1_232' title='bbox 613 4210 708 4258; x_wconf 76' lang='lat' dir='ltr'><strong>Gallim</strong></span> <span class='ocrx_word' id='word_1_233' title='bbox 724 4211 804 4272; x_wconf 76' lang='lat' dir='ltr'><strong>liujus</strong></span> <span class='ocrx_word' id='word_1_234' title='bbox 819 4210 947 4268; x_wconf 83' lang='lat' dir='ltr'><strong>instituti,</strong></span> <span class='ocrx_word' id='word_1_235' title='bbox 963 4211 988 4257; x_wconf 92' lang='lat' dir='ltr'><strong>in</strong></span> <span class='ocrx_word' id='word_1_236' title='bbox 1004 4211 1118 4272; x_wconf 82' lang='lat' dir='ltr'><strong>epistota</strong></span> <span class='ocrx_word' id='word_1_237' title='bbox 1134 4217 1147 4258; x_wconf 76' lang='lat' dir='ltr'><strong>t</strong></span> <span class='ocrx_word' id='word_1_238' title='bbox 1162 4211 1220 4257; x_wconf 90' lang='lat' dir='ltr'><strong>dec.</strong></span> <span class='ocrx_word' id='word_1_239' title='bbox 1234 4215 1303 4267; x_wconf 78' lang='lat'><strong>1875,</strong></span> 
     </span>
     <span class='ocr_line' id='line_1_31' title="bbox 180 4286 577 4348; baseline 0.008 -15"><span class='ocrx_word' id='word_1_240' title='bbox 180 4299 260 4348; x_wconf 86' lang='lat' dir='ltr'><strong>quam</strong></span> <span class='ocrx_word' id='word_1_241' title='bbox 276 4301 332 4348; x_wconf 74' lang='lat' dir='ltr'><strong>prae</strong></span> <span class='ocrx_word' id='word_1_242' title='bbox 347 4286 472 4335; x_wconf 87' lang='lat' dir='ltr'><strong>manibus</strong></span> <span class='ocrx_word' id='word_1_243' title='bbox 487 4288 577 4336; x_wconf 86' lang='lat' dir='ltr'><strong>habui.</strong></span> 
     </span>
    </p>
   </div>
   <div class='ocr_carea' id='block_1_9' title="bbox 0 0 1652 5054">
    <p class='ocr_par' dir='ltr' id='par_1_10' title="bbox 0 0 1652 5054">
     <span class='ocr_line' id='line_1_32' title="bbox 0 0 1652 5054; baseline 0 4"><span class='ocrx_word' id='word_1_244' title='bbox 0 0 1652 5054; x_wconf 95' lang='lat' dir='ltr'><strong> </strong></span> 
     </span>
    </p>
   </div>
  </div>
 </body>
</html>
