3238 5052
341 492 393 545 tot
676 493 719 542 DE
739 492 870 544 nimbus
889 491 1126 542 ‹innrnlrtoms

340 638 533 724 gravissimi
558 635 739 716 momenti,
761 657 838 721 quae
857 641 988 721 spectat
1007 634 1051 698 ad
1073 635 1337 723 perpetuitatem
1356 657 1468 700 sacer·

339 753 423 818 dotii
450 759 485 815 et
508 750 649 836 proinde
677 749 785 836 ipsius
812 748 985 814 Ecclesirr.
1015 747 1158 836 Insuper
1176 749 1269 835 leges
1295 757 1353 812 aut
1380 751 1466 812 ritus

341 889 431 932 mere
452 865 674 930 ecclesiastici
685 863 911 928 mutationem
925 864 998 950 pati
1017 864 1141 942 solent,
1157 871 1193 927 ut
1213 871 1349 928 constat
1361 862 1464 926 etiam

340 1006 400 1072 pro
420 980 629 1068 gravissimis
647 977 782 1064 legibus
801 986 861 1042 aut
880 977 1048 1042 institutis
1068 977 1208 1042 maximi
1226 978 1407 1051 momenti:
1429 985 1466 1041 at

339 1097 393 1160 hic
417 1096 503 1160 ritus
528 1093 757 1180 impositionis
776 1115 957 1170 manuum,
984 1115 1043 1180 pm
1067 1091 1177 1156 tribus
1196 1091 1370 1156 ordinibus
1394 1091 1485 1156 hie-¹

340 1210 515 1287 rarchiciS‚
544 1231 719 1296 nunquam
752 1207 975 1272 mutationem
1005 1229 1126 1294 passus
1153 1215 1221 1280 est,
1244 1205 1304 1270 sed
1329 1229 1464 1293 semper

339 1323 590 1389 accuratissime
613 1329 770 1386 serratus
797 1329 849 1384 est
876 1321 909 1386 in
938 1327 1081 1408 utraque
1108 1320 1274 1397 Ecclesia,
1296 1319 1404 1384 latina
1429 1328 1464 1384 et

338 1436 511 1516 orientali,
533 1461 552 1500 a
573 1435 782 1524 temporibus
798 1435 1031 1521 apostolorum
1049 1457 1158 1522 usque
1178 1435 1275 1499 hodie
1296 1441 1346 1522 tut
1361 1457 1463 1521 supra

338 1553 449 1616 visum
469 1558 522 1614 est
542 1573 602 1638 pro
629 1549 774 1636 singulis
794 1548 929 1619 ritibusi
951 1549 996 1613 ita
1023 1555 1062 1613 ut
1083 1571 1258 1636 nunquam
1277 1547 1465 1636 approbata

338 1673 398 1730 aut
423 1664 525 1729 etiam
552 1663 695 1730 tolerata
724 1661 825 1726 luerit
850 1663 1019 1727 ordinatio
1050 1662 1263 1749 hujusmodi,
1292 1684 1368 1748 quse
1395 1685 1464 1725 non

317 1779 439 1874 ¹luerit
465 1785 601 1865 peracta
633 1779 701 1842 ritu
727 1777 955 1864 impositionis
982 1800 1157 1842 manuum.
1190 1776 1286 1842 L'nde
1315 1774 1464 1839 dubitari

338 1893 457 1980 nequit
477 1893 566 1956 hunc
585 1893 689 1956 ritum
709 1915 784 1956 esse
805 1891 929 1954 divina·
949 1891 1186 1956 institutionis.

383 2009 480 2092 Hesp.
496 2029 509 2072 .·
529 2007 561 2070 2.
585 2007 674 2072 Dato
694 2005 813 2084 etiam,
830 2027 899 2070 non
916 2029 1090 2086 concesso,
1107 2004 1282 2070 Christum
1304 1993 1464 2069 Ecclesia·

337 2119 496 2185 tribuisse
524 2111 651 2184 die'tam
681 2126 902 2208 potestatem,
932 2119 1026 2184 nullo
1059 2120 1158 2184 modo
1184 2127 1319 2183 constat
1347 2119 1463 2183 Eccle-

337 2235 421 2299 siam
446 2234 509 2297 hac
534 2256 631 2298 usam
656 2234 968 2321 luissepotestate3
990 2234 1167 2297 nonenim
1192 2233 1363 2321 protertur
1381 2257 1462 2297 con-

337 2349 451 2414 cilium
473 2355 532 2412 aut
552 2371 712 2412 romanus
733 2349 908 2421 Pontifex,
931 2348 989 2435 qui
1004 2347 1145 2433 jusserit
1164 2348 1243 2412 addi
1263 2348 1366 2412 ritum
1381 2369 1463 2432 por-

338 2463 493 2528 rectionis
514 2463 821 2526 instrumentorum
834 2469 871 2526 ut
892 2463 1120 2527 necessarium
1141 2465 1331 2527 necessitate
1350 2485 1463 2526 sacra-

337 2577 441 2641 menti
462 2577 516 2664 tde
537 2576 672 2640 decreto
694 2577 838 2662 liugenii
856 2576 902 2640 lV
922 2599 1002 2640 mox
1022 2577 1182 2664 dicetur).
1200 2577 1267 2642 Sed
1281 2578 1409 2666 potius,
1426 2585 1463 2641 ut

336 2713 436 2778 supra
459 2707 510 2778 tn.
534 2690 634 2775 201,
662 2691 714 2769 5⁰,
738 2689 834 2776 210,
856 2691 901 2758 5⁰¹·
923 2691 1034 2755 visum
1058 2699 1126 2762 est,
1154 2691 1208 2755 bic
1236 2693 1322 2756 ritus
1347 2691 1461 2780 paula-

336 2807 397 2870 tim
424 2812 459 2870 et
484 2827 543 2891 per
562 2813 676 2891 partes
704 2805 864 2868 inductus
883 2814 952 2885 est,
975 2805 1013 2868 in·
1031 2806 1147 2892 paucis
1173 2807 1282 2892 primo
1306 2813 1462 2894 receptus

335 2919 504 2996 eeclesiis,
525 2917 650 2982 deinde
665 2919 700 2982 in
720 2925 791 2983 tota
811 2917 922 2982 Gallia
943 2927 976 2982 et
996 2919 1030 2982 in
1051 2919 1124 3006 ipsa
1140 2919 1292 2984 Ecclesia
1308 2943 1458 2984 romana.

337 3033 425 3112 lmo,
447 3030 583 3118 quando
604 3033 718 3097 induci
739 3034 857 3119 erepit,
877 3057 944 3098 non
965 3032 1100 3098 habitus
1120 3041 1229 3099 estut
1249 3035 1460 3099 necessarius

335 3145 539 3210 necessitate
558 3149 778 3227 sacramenti,
800 3147 860 3212 sed
881 3155 1013 3213 tantum
1035 3149 1137 3234 (sicut
1156 3148 1214 3213 alii
1234 3150 1332 3228 ritus,
1355 3173 1388 3214 v.
1411 3173 1459 3234 g.,

335 3261 529 3340 unctiones,
552 3260 688 3324 traditio
714 3261 1008 3341 indumentorum,
1030 3268 1115 3350 etc.)
1138 3265 1180 3328 ad
1200 3263 1381 3327 clariorem
1400 3287 1460 3351 po-

336 3373 469 3438 testatis
485 3373 557 3460 jam
574 3381 717 3460 receptat
734 3376 1056 3442 manifestationem.
1075 3378 1174 3457 Quod
1188 3384 1359 3443 testantur
1379 3401 1460 3464 pne-

334 3486 513 3550 clarissimi
542 3489 740 3574 scriptorcS,
763 3513 796 3552 v.
830 3513 878 3575 g.,
907 3490 1007 3576 llugo
1031 3515 1050 3554 a
1083 3491 1120 3556 S.
1147 3491 1301 3574 Victore,
1338 3491 1461 3555 Petrus

334 3599 562 3681 Lombardus;
585 3602 678 3689 prior
696 3603 760 3679 ait,
782 3603 926 3692 loquens
946 3605 988 3669 de
1012 3606 1227 3671 ordinatione
1246 3605 1460 3695 presbytero-

334 3733 429 3780 rum:
457 3743 472 3775 «
496 3715 681 3803 Accipiunt
704 3726 739 3781 et
762 3717 903 3782 calicem
930 3741 1008 3783 cum
1033 3719 1113 3783 vino
1138 3726 1173 3784 et
1196 3727 1358 3807 patenam
1383 3742 1459 3784 cum

334 3828 472 3910 hostiis,
495 3829 537 3893 de
556 3853 662 3896 manu
685 3831 856 3919 episcopi,
877 3841 1045 3918 quatenus
1071 3833 1124 3896 tris
1148 3833 1385 3898 instrumentis
1400 3857 1459 3918 po-

335 3951 488 4008 testatem
506 3967 540 4007 se
558 3945 719 4029 accepisse
733 3955 929 4030 aqnoscent,
946 3947 1132 4032 placabiles
1143 3947 1212 4010 Deo
1233 3947 1361 4012 bestias
1380 3952 1459 4030 offe-

335 4059 431 4120 rendi
454 4061 506 4138 »¹;
536 4057 623 4121 alter
647 4065 791 4124 autem:
823 4089 839 4120 ι(
871 4061 1055 4148 Accipiunt
1082 4059 1184 4125 etiam
1214 4062 1357 4126 calicem
1383 4085 1457 4126 cum

364 4219 429 4267 ¹De
447 4220 638 4278 saernrnentr's,
661 4221 707 4269 lib.
730 4221 767 4282 ll,
790 4227 858 4284 part.
881 4221 931 4280 ΙΙΙ,
952 4239 975 4269 e.
997 4237 1045 4272 xn:
1068 4223 1170 4284 trime.
1196 4224 1225 4274 l'.
1246 4225 1288 4274 t.
1311 4229 1330 4272 t.
1352 4240 1456 4274 crrxrr.

331 4298 383 4346 col.
400 4302 453 4346 429.
