3300 5056
511 475 555 524 DE
573 471 733 524 SUBJEGTO
753 467 990 522 ORDINATIONIS
1262 461 1315 514 235
1372 475 1374 479 ·

234 619 269 683 2ο
292 619 362 683 Pro
387 617 566 682 ordinibus
592 615 796 681 minoribus.
823 652 868 661 -
892 612 996 678 Conc.
1023 609 1130 690 trid,
1156 629 1230 696 cap.
1257 606 1316 671 Ad

191 733 354 815 minores,
377 733 414 814 5,
436 753 522 796 sess.
544 729 675 812 XXIII,
698 730 749 795 Du
771 749 857 810 aaa,
880 724 1001 792 statuit
1023 743 1031 789 ε
1055 751 1070 783 «
1092 723 1149 788 Ad
1167 722 1317 786 minores

190 845 327 911 ordines
340 844 565 934 promovendi
578 845 708 909 bonum
722 866 742 908 a
752 841 905 929 parocho
919 847 952 904 ct
966 862 986 904 s
1002 837 1166 922 magistro
1180 835 1312 918 schola,

191 961 228 1025 in
255 983 323 1046 qua
353 960 554 1044 educantur,
587 959 818 1024 testimonium
847 956 1018 1035 habeant;
1046 979 1061 1013 s
1091 957 1211 1032 -ct,
1239 971 1313 1036 cap.

189 1073 358 1156 Minores,
392 1072 451 1155 11,
483 1073 566 1137 ibid.
593 1094 606 1138 .·
637 1099 652 1132 «
683 1071 800 1158 Atque
826 1070 875 1135 ita
902 1069 944 1134 de
974 1065 1085 1154 gradu
1109 1065 1147 1130 in
1173 1062 1320 1153 gradrrm

191 1188 395 1270 ascendant,
416 1193 456 1251 ut
474 1185 510 1250 iu
529 1185 589 1269 iis,
606 1208 684 1250 cum
702 1191 819 1265 aetate,
837 1184 912 1248 uite
932 1182 1094 1247 meritum
1112 1186 1146 1244 et
1165 1177 1320 1244 doctrina

192 1302 300 1390 major
322 1308 519 1366 accrescat:
536 1300 629 1388 quod
647 1305 682 1365 et
700 1301 870 1365 bonorum
894 1319 1030 1362 morum
1052 1293 1262 1379 exemplum,
1285 1287 1319 1354 'et

192 1418 370 1482 assiduum
390 1416 424 1480 in
443 1415 579 1480 ecclesia
599 1416 844 1498 ministerium,
861 1419 896 1478 et
912 1413 1026 1499 major
1044 1432 1125 1496 erpa
1141 1408 1318 1494 presbytc-

194 1548 250 1592 ros
267 1535 300 1591 et
321 1529 469 1614 majores
484 1528 619 1593 ordines
635 1529 837 1611 reuerentia,
855 1534 890 1592 et
904 1525 1069 1608 crebrior,
1086 1545 1192 1609 quam
1206 1527 1317 1602 antea,

192 1642 345 1726 corporis
365 1640 496 1706 Cbristi
514 1643 707 1707 communio
727 1641 873 1706 maxime
893 1636 1174 1726 comprobabunt.
1199 1661 1216 1696 »

240 1755 276 1820 30
303 1755 373 1820 Pro
403 1757 596 1842 majoribus
623 1756 814 1822 ordinibus.
841 1791 886 1802 -
912 1757 946 1818 I.
974 1751 1078 1818 Couc.
1107 1749 1213 1831 Trid,
1242 1771 1317 1835 cap.

193 1869 339 1953 Nuttus,
363 1869 422 1951 12,
443 1893 530 1935 sess.
550 1869 681 1952 XXIII,
705 1870 756 1934 Du
780 1889 867 1950 nnn,
888 1868 1032 1956 loquens
1050 1865 1093 1931 de
1116 1863 1226 1930 tribus
1250 1883 1320 1928 ma-

190 1981 324 2068 joribus
344 1982 537 2065 ordinibus,
559 1985 631 2050 ait:
659 2009 675 2044 a
698 1984 817 2050 Sciant
836 1990 951 2048 tamen
974 1980 1141 2070 episcopi,
1161 2001 1231 2044 non
1249 1977 1320 2042 sin-

195 2095 295 2182 gulos
310 2096 346 2161 iu
361 2119 400 2162 ea
415 2102 516 2163 aetate
531 2098 738 2163 constitutos
753 2097 876 2163 debere
891 2096 935 2162 ad
949 2097 1012 2160 hos
1027 2095 1162 2160 ordines
1177 2093 1318 2168 assumi,

198 2209 261 2274 sed
288 2211 410 2296 dipnos
441 2211 626 2294 duntaxat,
656 2219 691 2278 et
721 2235 871 2298 quorum
902 2212 970 2276 uita
993 2211 1142 2298 probata
1171 2215 1322 2273 senectus

197 2323 267 2406 sit,·
287 2351 303 2384 »
324 2363 369 2372 —
388 2325 421 2389 2.
445 2325 541 2390 Idem
560 2348 670 2408 conc,
689 2349 764 2414 cap.
781 2325 1007 2411 Subdiaconi,
1025 2326 1082 2408 13,
1102 2324 1199 2407 ibid,
1216 2345 1322 2409 agens

198 2437 239 2502 de
263 2438 478 2504 subdiaconis
502 2445 538 2505 et
560 2441 726 2525 diaconis,
752 2441 830 2507 ait:
858 2469 873 2501 a
901 2439 1108 2506 Subdiaconi
1130 2445 1165 2504 et
1189 2436 1323 2503 diaconi

196 2549 397 2617 ordinentur
416 2551 582 2618 habentes
601 2553 730 2618 bonnm
756 2556 1002 2639 testimonium,
1024 2553 1112 2620 etin
1133 2553 1323 2617 minoribus

197 2665 378 2730 ordinibus
398 2667 478 2752 jam
502 2668 712 2753 probati...,·
740 2669 802 2755 qui
829 2676 981 2754 sperent,
1009 2669 1078 2734 Deo
1106 2675 1261 2749 auctore,
1289 2687 1323 2729 se

197 2779 367 2845 continere
381 2802 479 2865 posse
487 2799 502 2864 ,·
520 2792 595 2840 11-
616 2781 648 2848 3.
670 2782 788 2865 Adde,
809 2784 898 2848 circa
916 2784 1089 2867 diaconos,
1111 2781 1204 2870 quod
1221 2778 1323 2844 habet

199 2894 234 2960 S.
264 2893 408 2974 Paulus,
438 2893 454 2959 I
480 2894 583 2976 Tim,
609 2917 662 2979 111,
692 2896 789 2980 8-10,
819 2897 861 2962 12
885 2917 893 2964 :
923 2925 939 2958 «
970 2898 1140 2963 Diaconos
1166 2894 1323 2961 similiter

193 3008 354 3093 pudicos,
376 3030 444 3072 non
462 3009 649 3095 bitinpues,
673 3033 739 3076 non
760 3012 869 3076 mutto
888 3013 964 3077 cino
979 3012 1125 3096 deditos,
1143 3033 1209 3075 non
1225 3016 1323 3094 turpe

200 3123 335 3187 tucrum
353 3129 533 3208 sectantes,
555 3124 716 3190 babentes
740 3126 944 3212 mysterium
965 3126 1047 3211 fidei
1066 3127 1101 3190 in
1124 3123 1323 3190 conscientia

194 3259 298 3323 pura.
318 3237 362 3302 Et
380 3236 417 3301 hi
429 3238 626 3324 probentur
637 3239 795 3324 primum
804 3258 820 3324 ,·
838 3247 873 3306 et
892 3241 940 3305 sic
960 3239 1170 3322 ministrent,
1189 3238 1324 3302 nultum

198 3352 324 3416 crimen
347 3351 548 3418 tenentes...
571 3352 714 3419 Diaconi
731 3355 800 3419 sint
821 3356 921 3420 unius
941 3356 1057 3420 uxoris
1071 3355 1136 3419 viri
1141 3405 1152 3438 ,
1169 3354 1230 3440 qui
1243 3351 1325 3437 filiis

198 3469 269 3532 suis
288 3467 372 3531 bene
385 3467 530 3552 praesint
549 3474 581 3532 et
600 3469 671 3533 suis
694 3469 852 3534 domibus
860 3488 875 3552 ,·
897 3497 913 3530 n
933 3508 977 3518 -
996 3469 1030 3534 t.
1048 3469 1098 3534 De
1113 3467 1326 3554 presbyteris

200 3581 296 3647 addit
315 3602 411 3647 conc.
433 3581 541 3662 Trid,
563 3603 637 3670 cap.
659 3580 725 3658 Qui
739 3584 813 3668 pie,
831 3584 889 3665 It,
908 3607 992 3649 sess.
1010 3582 1139 3664 XXIII,
1158 3583 1208 3646 Du
1228 3597 1322 3646 nnn:

201 3725 217 3758 α
242 3695 309 3771 Qui
323 3695 381 3780 pic
400 3701 434 3760 et
451 3697 601 3781 fideliter
619 3697 655 3762 iu
674 3698 872 3764 ministeriis
896 3699 1063 3764 anteactis
1082 3721 1119 3762 se
1138 3695 1323 3785 gesserint,

201 3817 235 3876 et
253 3809 300 3875 ad
317 3806 574 3897 presbyteratus
597 3810 750 3876 ordinem
774 3820 1005 3894 assumuntur,
1027 3814 1156 3878 bonum
1181 3811 1326 3875 babeant

203 3924 496 4008 testimonium...,
519 3931 621 4013 atque
642 3927 688 3990 ita
703 3927 830 4012 pictate
849 3949 886 3991 ec
906 3929 1004 3992 castis
1025 3927 1178 3992 moribus
1196 3923 1326 4008 conspi-

202 4041 258 4105 cui
271 4038 395 4127 (sint),
417 4044 455 4103 ut
474 4039 682 4125 praclarum
705 4041 874 4105 bonorum
899 4064 1040 4127 operum
1063 4039 1274 4125 exemplum,
1296 4045 1327 4100 ct

204 4155 277 4219 uitae
305 4154 433 4218 monita
459 4155 503 4218 ab
526 4155 573 4218 eis
594 4156 728 4240 possint
751 4156 932 4240 aspecturi.
957 4184 973 4216 »
993 4195 1037 4204 -
1056 4154 1172 4235 Unde,
1193 4159 1232 4217 ut
1251 4151 1327 4239 quis

204 4276 399 4334 assumatur
417 4267 460 4333 ad
479 4267 627 4355 aliquem
647 4269 800 4334 ordinem
824 4292 974 4352 sacrum,
996 4291 1064 4333 non
1084 4267 1209 4333 sufficit
1227 4273 1266 4330 ut
1284 4264 1328 4330 sit
