3248 5052
316 451 367 504 636
672 455 715 504 DE
736 454 839 504 SACRA
859 454 1084 504 ORDINATIONE

316 595 368 677 qui
385 617 401 655 e
417 617 470 655 sua
485 595 608 656 dioecesi
623 596 741 674 digredi
758 598 833 656 etin
850 597 909 656 alia
925 596 982 656 sibi
997 595 1100 656 sedem
1116 596 1304 655 constituere
1321 595 1444 654 deside—

316 699 436 764 rarent,
453 691 755 766 excardinationem,
773 714 865 774 quam
882 701 1010 765 vocant,
1027 692 1120 752 idest
1141 693 1262 772 plenam
1284 700 1313 750 et
1331 712 1444 771 perpe-

317 797 400 848 tuam
417 788 627 848 dimissionem
643 809 659 848 a
675 810 732 848 suo
748 788 912 850 Ordinario
928 795 1084 869 peterent,
1101 809 1198 868 eaque
1215 788 1313 846 innixi
1330 789 1361 846 in
1383 788 1442 847 aIia

316 885 442 944 dioecesi
469 885 747 944 incardinationem
776 906 830 944 seu
862 885 1103 965 adscriptionem
1133 884 1354 964 implorarent;
1380 905 1442 965 qua

317 982 460 1053 obtenta,
482 1001 518 1040 eo
538 981 605 1061 ipso
628 989 663 1041 ut
682 982 798 1062 proprii
821 982 893 1040 novi
916 982 1053 1060 episcopi
1077 981 1193 1040 subditi
1216 981 1253 1040 ad
1278 981 1444 1040 ulteriores

317 1077 441 1136 ordines
457 1077 670 1158 suscipiendos
685 1077 934 1138 admitterentur.
951 1078 1025 1145 Quae
1041 1077 1153 1155 agendi
1166 1077 1260 1147 rati0,
1281 1075 1334 1136 ubi
1352 1084 1444 1136 caute

317 1173 549 1254 prudenterque
568 1173 708 1234 adbibita
728 1175 802 1246 tuit,
820 1174 937 1255 absque
953 1173 1088 1256 querelis
1108 1173 1274 1254 processit,
1293 1171 1346 1232 sed
1367 1193 1444 1231 non-

318 1270 410 1328 nuliis
425 1269 456 1328 in
472 1269 559 1340 Iocis,
576 1270 629 1329 ubi
646 1271 817 1330 necessaria
833 1270 937 1330 cautio
953 1270 1063 1344 detuit,
1080 1271 1302 1330 controversiis
1318 1277 1350 1327 et
1364 1268 1444 1328 abu-

318 1367 402 1426 sibus
418 1368 499 1426 viam
514 1389 728 1445 sepenumero
744 1367 900 1447 patefecit.

358 1463 554 1543 Quapropter
569 1464 635 1522 Emi
651 1465 683 1523 S.
705 1463 741 1524 C.
764 1463 895 1523 ConciIii
911 1463 1033 1533 Patres,
1051 1463 1143 1522 rebus
1157 1463 1301 1521 omnibus
1318 1470 1441 1522 mature

318 1559 493 1639 perpensis,
513 1561 659 1639 praesenti
675 1559 811 1638 generali
827 1560 951 1619 decreto
967 1559 1034 1618 baec
1049 1559 1212 1618 statuenda
1228 1565 1441 1618 censuerunt:

361 1659 389 1712 1⁰
409 1655 702 1715 Excardinationem
728 1657 793 1716 fieri
816 1677 878 1716 non
901 1656 972 1715 licet
996 1655 1054 1714 nisi
1075 1655 1168 1736 justis
1187 1654 1226 1714 de
1246 1655 1364 1725 causis,
1385 1675 1445 1714 nec

317 1753 461 1810 eIIectum
479 1751 686 1833 undequaque
706 1753 826 1824 sortiri,
845 1753 902 1811 nisi
923 1751 1169 1812 incardinatione
1188 1751 1219 1810 in
1240 1751 1299 1810 alia
1315 1750 1443 1810 dioeccsi

317 1847 509 1906 exsecutioni
524 1847 729 1922 demandata;

358 1947 390 2002 2⁰
407 1943 688 2004 Incardinationem
706 1945 878 2005 taciendam
895 1966 961 2004 esse
981 1944 1020 2004 ab
1036 1945 1183 2024 episcopo
1198 1965 1260 2004 non
1277 1951 1442 2016 oretenus,

317 2039 371 2098 sed
397 2040 427 2098 in
455 2041 594 2120 scriptis,
621 2041 762 2101 absolute
789 2049 821 2101 et
846 2041 877 2100 in
905 2049 1106 2122 perpetuum,
1132 2040 1163 2098 id
1190 2049 1236 2100 est
1261 2041 1354 2099 nuIIis
1379 2041 1445 2099 sive

318 2136 470 2214 expressis
495 2137 559 2195 sive
584 2137 686 2196 tacitis
710 2137 949 2198 limitationibus
974 2136 1159 2208 obnoxiam3
1185 2137 1228 2196 ita
1254 2145 1287 2196 ut
1312 2136 1445 2196 clericus

319 2253 407 2290 novae
423 2230 550 2292 dioecesi
566 2255 692 2312 prorsus
709 2233 914 2313 mancipetur,
931 2233 1069 2313 praestito
1085 2232 1122 2291 ad
1138 2231 1198 2292 boc
1210 2233 1390 2312 juramento
1405 2232 1444 2290 ad

318 2328 415 2387 instar
435 2328 519 2388 illius
538 2329 622 2410 quod
644 2329 827 2389 constitutio
847 2327 1066 2410 Speculatores
1086 2349 1142 2410 pro
1162 2328 1320 2388 domicilio
1340 2329 1445 2408 acqui·

318 2424 416 2484 rendo
432 2425 621 2505 praescribit;

359 2521 391 2578 3⁰
406 2520 454 2579 Ad
470 2520 549 2580 banc
569 2521 846 2582 incardinationem
866 2523 1008 2582 deveniri
1028 2544 1091 2582 non
1107 2541 1213 2602 posse,
1231 2523 1289 2581 nisi
1305 2521 1392 2601 prius
1406 2543 1444 2580 ex

319 2615 456 2694 legitimo
476 2617 664 2678 documento
684 2619 858 2679 constiterit
882 2620 1018 2679 alienum
1038 2619 1184 2679 clericum
1206 2639 1223 2678 a
1243 2639 1297 2676 sua
1318 2617 1443 2677 dioecesi

320 2711 414 2771 fuisse
430 2713 460 2771 in
477 2722 661 2794 perpetuum
677 2714 850 2786 dimissum,
865 2723 896 2775 et
911 2715 1038 2776 obtenta
1053 2717 1181 2796 insuper
1196 2715 1312 2774 suerint
1327 2713 1365 2773 ab
1380 2714 1443 2793 epi·

319 2829 414 2887 scopo
436 2808 629 2882 dimittente,
653 2811 711 2870 sub
735 2820 870 2885 secreto,
893 2813 917 2872 si
939 2833 1018 2892 opus
1040 2813 1095 2885 sit,
1119 2811 1157 2870 de
1180 2811 1247 2892 ejus
1270 2809 1441 2881 natalibus,

320 2905 399 2978 vita,
417 2907 555 2966 moribus
570 2928 605 2967 ac
621 2907 730 2966 studiis
745 2916 921 2988 opportuna
937 2909 1130 2981 testimonia;

361 3001 392 3060 4⁰
410 3001 476 3061 IIac
491 3003 611 3063 ratione
626 3004 798 3083 adscriptos
813 3026 903 3086 posse
919 3005 1046 3087 quidem
1061 3005 1098 3064 ad
1114 3003 1239 3063 ordines
1252 3004 1440 3083 promoveri.

321 3097 400 3156 Cum
417 3105 520 3158 tamen
536 3100 651 3159 nemini
671 3101 732 3160 sint
747 3103 808 3160 cito
824 3122 934 3161 manus
950 3101 1161 3181 imponendae,
1176 3099 1270 3160 osticii
1286 3101 1332 3158 sui
1349 3119 1442 3158 nove-

321 3193 383 3252 rint
402 3214 468 3253 esse
486 3195 638 3275 episcopi,
660 3197 690 3254 in
712 3197 841 3276 singulis
861 3197 984 3256 casibus
1004 3196 1209 3277 perpendere,
1227 3217 1281 3267 an,
1299 3194 1443 3254 omnibus

320 3291 458 3360 attentis,
475 3291 605 3351 clericus
620 3291 795 3372 adscriptus
811 3293 881 3352 talis
896 3293 950 3366 sit,
967 3293 1021 3373 qui
1036 3299 1105 3352 tuto
1120 3292 1217 3371 possit
1230 3291 1347 3370 absque
1363 3290 1443 3349 ulte-

320 3385 393 3444 riori
409 3386 622 3466 experimento
639 3388 791 3466 ordinari,
810 3409 849 3448 an
869 3389 973 3467 potius
992 3395 1134 3467 oporteat
1149 3407 1220 3446 eum
1240 3385 1359 3446 diutius
1370 3407 1444 3467 ,pro-

321 3482 398 3542 bari.
411 3482 450 3541 Et
461 3483 657 3544 meminerint
670 3485 753 3564 quod
766 3485 846 3545 sicut
863 3511 877 3540 «
890 3484 995 3544 nullus
1006 3483 1099 3543 debet
1112 3483 1246 3543 ordinari
1258 3485 1310 3564 qui
1322 3483 1442 3564 judicio

320 3578 367 3639 sui
387 3579 524 3660 episcopi
545 3601 607 3640 non
627 3581 668 3640 sit
686 3581 772 3640 utilis
791 3589 845 3640 aut
865 3580 1055 3640 necessarius
1073 3579 1136 3639 suis
1157 3580 1295 3662 ecclesiis
1312 3605 1340 3653 »‚
1357 3587 1392 3640 ut
1410 3580 1441 3639 in

320 3695 388 3753 cap.
406 3695 472 3750 xvi,
494 3697 568 3736 sese.
586 3677 706 3750 XXIII,
725 3678 770 3737 Dr
786 3699 863 3752 aar„
880 3675 1096 3736 Tridentinum
1119 3677 1244 3748 statuit3
1265 3677 1308 3736 ita
1328 3677 1443 3757 pariter

320 3771 439 3831 nullum
459 3793 525 3832 esse
545 3772 782 3834 adscribendum
799 3793 914 3834 novum
930 3771 1092 3844 clericum,
1111 3772 1167 3830 nisi
1186 3794 1241 3853 pro
1259 3773 1443 3832 necessitate

320 3875 374 3928 aut
386 3869 606 3928 commoditate
622 3869 774 3929 dioecesis.

361 3965 392 4024 5⁰
407 3964 474 4032 Quo
491 3987 566 4025 vero
584 3964 623 4024 ad
641 3965 770 4026 clericos
791 3966 923 4027 diversae
944 3967 1058 4046 Iinguae
1076 3974 1107 4026 et
1130 3966 1277 4036 nationis,
1299 3972 1442 4044 oportere

320 4067 355 4120 ut
374 4060 510 4140 episcopi
529 4061 559 4119 in
583 4061 620 4120 iis
639 4061 841 4122 admittendis
860 4063 981 4123 cautius
1001 4069 1032 4122 et
1049 4063 1187 4122 severius
1206 4059 1391 4140 procedant,
1408 4080 1443 4118 ac

321 4176 478 4236 nunquam
492 4177 544 4216 eos
558 4157 709 4237 recipiant
719 4158 777 4218 nisi
789 4159 1009 4240 requisiverint
1021 4159 1106 4240 prius
1119 4181 1136 4218 a
1147 4157 1322 4237 respectiro
1335 4175 1441 4215 eorum

321 4251 501 4326 Ordinario,
519 4260 550 4312 et
570 4252 777 4326 obtinuerint,
796 4261 945 4314 secretam
966 4275 1002 4314 ac
1022 4253 1224 4315 favorabilem
1245 4251 1282 4311 de
1304 4253 1441 4332 ipsorum
