3294 5054
271 489 314 538 DE
333 487 561 538 ORDINATIONE
581 487 831 538 RELIGIOSORL'M
851 487 1010 538 t'oroaun
1031 489 1225 539 Smeticlt'n
1258 487 1310 540 429

186 631 382 720 respondit:
405 657 420 690 «
444 630 500 694 Ad
520 631 551 697 3.
575 630 774 716 Negatii·e¹.
806 657 821 690 »
842 631 973 695 Revera
993 631 1165 696 decretum
1190 633 1311 696 Auctis

186 746 281 810 nullo
302 745 402 808 modo
422 743 577 808 concedit
597 745 660 808 hoc
675 745 732 830 jus
752 744 852 808 dictis
871 745 1050 826 institutis,
1067 769 1129 809 nec
1150 748 1311 833 supponit

186 860 249 924 hoc
265 860 322 948 jus
343 859 391 922 eis
412 859 540 938 inesse,
563 859 623 922 sed
647 864 782 922 tantum
802 858 953 946 loquitur
978 860 1018 923 de
1048 859 1216 924 institutis
1236 885 1310 948 qua>

187 974 228 1038 de
253 973 341 1038 facto
365 973 429 1037 hoc
444 973 503 1060 jus
527 996 545 1036 a
570 972 656 1037 Sede
680 972 866 1060 apostolica
892 973 1023 1038 indulto
1049 973 1186 1060 speciali
1206 975 1311 1061 impe-

185 1095 327 1153 trarant.
350 1125 394 1134 -
423 1085 511 1166 lm0‚
533 1085 612 1150 licet
637 1085 804 1150 institutis
828 1094 985 1151 votorum
1010 1087 1216 1174 simplicium
1241 1091 1311 1151 haec
1405 1123 1408 1136 ·

187 1201 254 1265 duo
290 1199 484 1288 privilegia,
520 1222 642 1287 nempe
679 1199 887 1264 concedendi
921 1200 1130 1264 dimissorias
1167 1200 1312 1264 subditis

189 1315 276 1395 suiS,
304 1321 337 1378 et
362 1337 420 1378 eos
442 1312 665 1400 promovendi
694 1313 795 1377 titulo
819 1336 943 1376 mensae
974 1314 1178 1394 communiS,
1210 1315 1312 1379 simul

189 1427 327 1492 concedi
365 1427 513 1506 soleant,
553 1433 703 1490 attamen
742 1427 911 1512 posterius
948 1449 1016 1490 non
1054 1427 1240 1492 includitur
1277 1429 1312 1492 in

188 1541 315 1630 priore,
351 1547 389 1605 ut
422 1563 481 1628 per
519 1562 555 1604 se
588 1546 699 1625 patet,
736 1547 770 1603 et
800 1547 838 1604 ut
876 1540 1077 1628 supponitur
1108 1541 1141 1605 in
1174 1541 1313 1629 praefata

189 1655 409 1743 responsione
434 1653 469 1719 S.
501 1653 626 1739 Congr.
651 1654 712 1740 Ep.
736 1661 770 1718 et
798 1655 883 1740 Reg.
906 1653 1019 1735 Unde,
1042 1678 1102 1742 pro
1127 1656 1313 1742 posteriore

189 1769 384 1856 privilegio,
402 1768 584 1855 requiritur
603 1768 777 1832 concessio
794 1767 962 1855 specialis.

236 1885 270 1946 4⁰
294 1881 437 1961 Quando
461 1881 619 1946 alumnus
643 1889 722 1945 vota
748 1881 884 1968 quidem
910 1882 1078 1970 simplicia
1102 1885 1230 1966 emisit,
1254 1887 1313 1951 sed

185 2006 367 2082 perpetua,
385 1995 442 2082 jus
467 1996 558 2083 quod
577 1995 679 2060 habet
698 2001 735 2059 ut
760 2001 972 2059 sustentetur
991 2019 1032 2060 ex
1052 1995 1151 2064 bonis
1171 2022 1313 2087 congre-

190 2110 348 2196 gationis
371 2118 423 2172 est
442 2117 660 2196 perpetuunr;
683 2109 763 2190 imo,
781 2108 881 2195 juxta
902 2109 1074 2174 decretum
1093 2113 1226 2196 Auctie,
1244 2121 1259 2197 ᾗ
1280 2117 1311 2196 3,

191 2246 232 2288 ex
259 2224 416 2289 instituto
441 2223 567 2286 dimitti
590 2223 708 2310 nequit
732 2223 797 2287 nisi
822 2245 898 2286 cum
923 2223 1080 2288 maximis
1105 2225 1314 2292 difficultati-

190 2337 270 2418 bus,
300 2337 367 2402 iere
389 2337 475 2401 sicut
496 2337 682 2422 Regulares
710 2359 751 2400 ex
776 2335 902 2402 Ordine
929 2337 1091 2424 regulari;
1120 2341 1208 2405 unde
1233 2351 1314 2407 tunc

190 2453 310 2518 titulus
331 2474 456 2515 mensae
482 2451 672 2514 communis
696 2451 877 2538 aequivalet
903 2451 1003 2515 titulo
1028 2455 1248 2540 paupertatis
1271 2495 1314 2504 -

124 2555 127 2562 ⁴
192 2564 336 2644 Quando
366 2565 526 2628 alumnus
554 2571 634 2628 rota
666 2565 833 2652 simplicia
867 2572 900 2629 et
935 2575 1148 2651 temporanea
1180 2577 1314 2633 tantum

191 2680 321 2760 emisit,
343 2685 378 2743 et
399 2687 524 2760 tamen,
543 2678 586 2742 ad
605 2701 760 2742 normam
781 2664 897 2743 eorum
917 2702 992 2766 quar
1016 2703 1117 2767 supra
1139 2683 1191 2767 (n,
1215 2682 1313 2770 180)

191 2793 314 2857 tradita
335 2799 432 2872 sunt,
454 2793 573 2879 recipit
593 2791 746 2856 ordinem
766 2815 915 2874 sacrum,
931 2792 988 2878 jus
1008 2792 1101 2857 illius
1121 2795 1163 2858 ad
1182 2804 1315 2860 susten-

193 2907 356 2970 tationem
376 2929 418 2970 ex
437 2912 656 2992 temporaneo
676 2906 713 2968 tit
733 2913 950 2994 perpetuum,
973 2907 1052 2994 quia
1073 2915 1170 2992 tunc,
1194 2932 1235 2973 ex
1256 2909 1314 2973 de-

192 3027 284 3084 creto
303 3020 442 3101 Auctis,
463 3025 479 3102 ξ
499 3021 536 3100 3,
562 3019 646 3083 adeo
671 3019 840 3085 stabiliter
863 3027 1069 3107 aggregatur
1088 3022 1258 3102 instituto,
1280 3023 1315 3086 ri

192 3133 293 3222 hujus
318 3155 420 3198 sacrm
445 3133 685 3212 ordinationiS‚
707 3139 745 3197 ut
769 3157 811 3197 ex
836 3157 874 3197 eo
900 3134 1026 3198 dimitti
1051 3143 1212 3222 nequeat,
1235 3137 1312 3216 nisi,

191 3255 362 3334 utsupra,
385 3269 462 3312 cum
489 3247 647 3311 maximis
674 3247 941 3312 difficultatibus,
966 3248 1063 3313 Unde
1089 3255 1170 3314 tunc
1194 3249 1316 3314 titulus

193 3384 318 3426 mensae
338 3361 528 3425 communis
548 3383 590 3426 ex
604 3369 823 3448 temporaneo
843 3364 880 3427 fit
895 3371 1094 3450 perpetuus3
1113 3364 1204 3451 quod
1222 3387 1315 3450 pror-

193 3499 251 3540 sus
271 3474 442 3562 singulare
463 3481 515 3538 est
540 3473 617 3538 huic
637 3475 754 3554 titulo,
773 3474 864 3562 quod
884 3498 1005 3562 nempe
1026 3498 1067 3539 ex
1087 3477 1159 3564 ipsa
1180 3477 1315 3543 ordina-

192 3589 284 3654 tione
304 3588 362 3652 fiat
377 3587 495 3652 fortior
514 3595 548 3652 et
562 3595 757 3675 perpetuus.

240 3811 335 3880 190.
355 3811 581 3879 -Summa
604 3811 801 3879 dictorum
824 3831 894 3880 seu
917 3811 1152 3882 documenta
1182 3835 1205 3882 a
1224 3815 1317 3883 reli·

194 3929 306 4014 gioso
325 3925 550 3994 exhibenda
568 3925 765 4013 episcopo.

240 4039 275 4104 10
289 4040 325 4106 Si
346 4039 504 4104 alumnus
519 4039 697 4125 religiosus
717 4039 965 4105 ordinationem
984 4049 1077 4129 petat
1097 4041 1138 4106 ab
1158 4043 1316 4130 episeopo

227 4217 322 4265 ¹Vide
352 4217 463 4266 relatam
494 4232 582 4265 causer.
611 4217 808 4265 discussionem
837 4218 909 4280 apud
938 4221 1003 4268 Acta
1030 4219 1055 4269 S.
1080 4219 1169 4276 Sedis,
1196 4225 1215 4268 t.
1241 4235 1315 4276 xxti,

194 4311 220 4359 p.
237 4299 360 4344 oio-oro.
