3300 5056
347 515 400 568 2¹2
615 515 659 564 DE
678 514 817 566 LEGIBUS
836 513 949 565 SACRAE
968 513 1203 566 onolnnrronrs

349 659 569 740 muniorum,·
586 681 686 722 nemo
706 657 797 722 enim
817 657 1001 723 inclinatur
1019 658 1054 723 in
1074 657 1109 722 id
1127 659 1218 746 quod
1238 659 1398 749 despicit,
1415 663 1470 726 vel

347 797 428 863 erga
442 771 534 862 quod
552 779 605 838 est
624 771 838 852 indifferens;
861 771 928 836 imo
949 772 1019 836 haec
1038 773 1244 838 existimatio
1264 782 1317 841 est
1335 775 1470 840 initium

346 885 485 978 aliquod
503 887 739 974 propensionis
746 905 761 970 ,¹
784 885 818 950 id
844 887 935 951 enim
958 886 1050 974 quod
1077 888 1191 976 magni
1216 889 1376 972 facimus,
1396 890 1468 978 jam

346 1004 460 1092 aliquo
475 1002 576 1066 modo
596 1022 767 1082 amamus3
785 1040 829 1050 —
844 999 989 1066 alterum
1007 1001 1230 1086 elementum,
1248 1004 1338 1092 quod
1353 1006 1469 1070 sedem

345 1117 447 1184 habet
471 1117 506 1181 in
533 1115 727 1198 voluntate,
759 1121 811 1180 est
834 1115 1016 1202 propensio
1044 1117 1079 1181 in
1107 1125 1235 1181 statum
1262 1118 1465 1204 clericalem,

345 1235 487 1320 ejusque
516 1232 630 1316 officia
657 1237 689 1294 et
718 1230 867 1296 munia:
895 1252 986 1318 quae,
1017 1228 1097 1296 licet
1125 1231 1160 1296 in
1191 1231 1325 1296 diverso
1355 1256 1467 1299 rerum

344 1369 483 1433 genere,
506 1343 597 1410 haud
615 1341 780 1410 absimilis
799 1350 852 1409 est
870 1343 949 1408 huic
973 1345 1192 1433 propensioni
1210 1368 1313 1434 quam
1332 1348 1467 1435 conspi-

344 1461 452 1526 cimus
472 1460 505 1524 in
526 1459 580 1523 his
599 1457 658 1546 qui
677 1456 890 1523 delectantur
908 1481 944 1522 re
963 1458 1118 1540 militari,
1141 1460 1286 1542 musica,
1308 1461 1463 1550 pictura:

342 1575 385 1640 de
404 1574 457 1638 his
475 1571 622 1638 libenter
640 1571 804 1658 cogitant,
821 1570 968 1637 libenter
986 1571 1184 1661 loquuntur,
1201 1575 1235 1638 in
1255 1575 1308 1640 his
1322 1574 1467 1640 libenter
1500 1597 1503 1604 ’

343 1693 568 1777 occupantur;
591 1687 636 1751 ita
658 1686 748 1751 etde
767 1687 992 1775 propensione
1008 1687 1043 1751 in
1063 1693 1190 1753 statum
1205 1689 1404 1754 clericalem.
1422 1729 1466 1738 —

342 1802 437 1885 Quae,
459 1810 497 1867 ut
516 1800 603 1882 dixi,
625 1800 741 1866 sedem
759 1799 862 1867 habet
881 1801 917 1866 in
936 1801 1123 1886 voluntate,
1145 1825 1214 1867 non
1234 1803 1269 1867 in
1286 1804 1465 1870 sensibus:

341 1917 432 2006 quod
451 1923 549 1982 caute
569 1915 776 1996 notandum;
798 1913 888 1982 unde
907 1914 1002 1980 nullo
1022 1917 1123 1981 modo
1143 1917 1325 2004 requiritur
1343 1925 1381 1983 ut
1394 1916 1465 1982 haec

340 2031 521 2119 propensio
541 2029 709 2096 redundet
723 2029 826 2096 etiam
842 2029 877 2094 in
892 2049 1033 2110 sensus;
1055 2029 1139 2094 nihil
1154 2031 1244 2096 enim
1259 2037 1311 2096 est
1326 2031 1466 2097 instato

339 2145 503 2226 clericali,
529 2151 588 2209 aut
615 2145 648 2208 in
675 2143 749 2231 ejus
775 2143 895 2209 officiis
921 2150 956 2209 et
983 2145 1124 2226 muniis,
1156 2145 1246 2234 quod
1274 2152 1393 2210 natum
1421 2145 1465 2211 sit

339 2258 507 2324 delectare
527 2281 659 2324 sensus.

385 2373 424 2440 B.
445 2373 577 2438 Revera
596 2371 668 2437 haec
687 2372 861 2438 inclinatio
887 2373 973 2438 solet
992 2395 1067 2439 esse
1091 2373 1126 2436 in
1148 2371 1201 2436 his
1221 2373 1279 2461 qui
1302 2373 1465 2438 divinitus

340 2487 451 2553 vocati
476 2492 557 2552 sunt
583 2485 626 2550 ad
652 2493 780 2552 statum
807 2487 1011 2553 clericalem.
1035 2485 1153 2552 Nam:
1181 2485 1212 2555 l.
1239 2487 1400 2568 Quando,
1428 2495 1465 2552 ut

340 2625 441 2690 supra
460 2599 654 2666 audivimus
678 2623 697 2664 a
717 2599 751 2666 S.
775 2600 1000 2683 Bernardino,
1023 2601 1115 2666 Deus
1134 2600 1283 2690 aliquem
1307 2601 1405 2690 eligit
1422 2601 1465 2666 ad

339 2715 487 2804 aliquam
520 2714 665 2800 gratiam
698 2713 922 2800 singularem,
953 2715 1008 2778 vel
1036 2714 1079 2780 ad
1106 2714 1255 2802 aliquem
1283 2713 1463 2780 sublimem

339 2837 478 2912 statum,
496 2828 611 2894 omnia
626 2829 657 2894 ei
672 2828 761 2894 dona
776 2828 943 2910 concedit,
961 2851 1036 2916 quae
1051 2828 1102 2892 illi
1116 2851 1269 2917 personae
1284 2829 1333 2894 sic
1348 2828 1463 2894 electae

339 2949 373 3008 et
392 2943 467 3031 ejus
490 2942 600 3008 officio
625 2950 705 3008 sunt
728 2943 934 3023 necessaria,
961 2949 1063 3031 atquc
1087 2942 1181 3008 illam
1205 2943 1340 3031 copiose
1364 2943 1463 3009 deco-

338 3065 426 3124 rant.
448 3057 571 3145 Atqui,
593 3057 682 3121 inter
706 3056 764 3122 illa
783 3056 888 3136 dona,
910 3080 985 3144 quae
1008 3055 1059 3121 illi
1077 3080 1230 3144 personae
1249 3057 1346 3123 utilia
1365 3066 1460 3139 sunt,

338 3172 406 3237 imo
431 3171 544 3260 aliquo
573 3194 676 3237 sensu
703 3171 908 3253 necessaria,
934 3179 973 3237 ut
998 3179 1088 3237 recte
1115 3178 1149 3237 et
1174 3171 1276 3258 digne
1302 3171 1463 3260 fungatur

338 3285 458 3352 officiis
487 3285 574 3368 suis,
602 3293 656 3350 est
681 3307 779 3350 amon
802 3286 856 3350 sui
880 3293 1004 3370 status,
1033 3293 1068 3351 et
1093 3287 1267 3350 delectatio
1294 3288 1329 3350 in
1356 3286 1461 3374 hujus

339 3401 463 3465 muniis
482 3400 686 3465 exercendis.
708 3399 764 3466 Sic
784 3407 836 3466 est
859 3399 964 3485 igitur
987 3400 1090 3464 etiam
1113 3400 1155 3465 de
1179 3399 1309 3466 vocatis
1333 3399 1377 3465 ad
1396 3407 1462 3466 sta-

337 3521 411 3580 tum
429 3513 639 3594 clericalem3
660 3521 841 3602 postquam
859 3512 949 3578 huno
963 3512 1078 3601 adepti
1097 3521 1193 3594 sunt,
1212 3514 1302 3579 huno
1321 3513 1460 3602 ejusque

336 3627 452 3694 munia
476 3635 617 3708 amant,
630 3627 738 3716 iisque
762 3627 993 3708 delectantur3
1020 3633 1203 3716 antequam
1227 3627 1323 3692 illum
1348 3627 1461 3714 adepti

336 3741 421 3824 sint,
444 3741 478 3805 in
502 3741 600 3805 illum
624 3748 704 3806 sunt
722 3741 885 3827 propensi
908 3747 942 3806 et
966 3741 1141 3823 inclinati,·
1159 3763 1254 3806 amor
1273 3740 1364 3805 enim
1382 3739 1461 3804 boni

337 3855 487 3922 absentis
507 3862 559 3921 est
573 3855 778 3920 desiderium
797 3861 831 3921 et
852 3855 1024 3920 inclinatio
1032 3874 1047 3938 ,·
1061 3893 1104 3904 —
1119 3855 1151 3920 2.
1170 3855 1206 3921 Si
1221 3878 1294 3920 rem
1308 3854 1461 3918 intimius

337 3976 538 4050 scrutemur,
564 3968 636 4033 haec
659 3968 834 4034 inclinatio
859 3969 965 4034 oritur
984 3969 1086 4034 etiam
1111 3991 1153 4034 ex
1175 3967 1233 4034 illa
1252 3967 1458 4057 aptitudine,

336 4085 379 4150 de
398 4107 474 4174 qua.
489 4105 591 4172 supra
614 4083 719 4149 locuti
742 4103 879 4165 sumus;
903 4083 1066 4171 aptitudo.
1081 4083 1188 4166 enim,
1210 4105 1270 4148 seu
1288 4081 1460 4172 proportio

337 4198 426 4264 inter
441 4197 621 4264 facultates
640 4204 676 4262 et
692 4205 789 4262 actus
804 4197 1026 4278 exercendos,
1043 4204 1184 4284 generat
1202 4197 1407 4262 suavitatem
1426 4195 1460 4260 in

337 4311 511 4378 eliciendis
526 4309 657 4378 actibus
676 4317 710 4377 et
725 4311 979 4377 inclinationem
995 4310 1037 4376 ad
1056 4311 1134 4376 illos
1150 4310 1345 4376 eliciendos.
1363 4309 1460 4378 Unde
