3290 5060
290 460 334 509 DE
353 458 538 508 ORDINARIO
557 458 599 506 ET
617 457 776 508 LEGII'IMO
795 454 1032 508 ORDINATIONIS
1052 454 1213 506 MINIS'IIIO
1263 449 1311 502 101

301 713 320 786 ἓ
339 713 374 771 3.
395 713 448 770 De
468 712 642 786 episcopo
662 711 816 784 proprio
835 711 982 769 ratione
1002 711 1189 770 heneilotl.

231 943 298 1011 37.
314 981 358 990 -
373 941 645 1028 competentia
663 940 839 1027 episcopi
858 938 1040 1008 beneficii
1058 939 1189 1028 quoad
1208 939 1312 1008 ordi-

185 1056 400 1124 nationem.

231 1169 264 1233 1ο
288 1170 477 1259 Episcopus
496 1169 652 1234 beneficii
677 1169 736 1234 ille
756 1175 809 1234 est
834 1168 869 1232 in
890 1168 987 1255 cujus
1013 1168 1150 1234 dioecesi
1171 1168 1311 1233 clericus

185 1283 337 1372 possidet
369 1282 572 1348 beneficium
606 1281 886 1349 ecclesiasticum.
923 1281 1129 1370 Episcopum
1157 1280 1313 1346 beneficii
1414 1327 1415 1332 η

179 1397 238 1485 jus
265 1396 390 1462 habere
422 1396 618 1462 conserendi
650 1395 785 1460 ordines
818 1396 890 1461 suis
923 1395 1147 1477 beneficiatis,
1178 1403 1313 1460 constat

184 1535 226 1576 ex
249 1534 352 1599 supra
380 1511 432 1596 (n.
459 1511 530 1600 28)
554 1509 671 1576 relatis
698 1509 850 1575 textibus
872 1509 1059 1575 Clementis
1083 1509 1129 1574 IV
1153 1516 1188 1574 et
1212 1511 1312 1574 Boni-

184 1625 261 1690 lecii
280 1623 379 1706 VIII,
401 1647 488 1712 quos
506 1623 720 1690 confirmavit
744 1623 962 1688 Innocentius
986 1623 1021 1688 in
1040 1623 1136 1688 bulla
1153 1623 1312 1709 Specula-

185 1747 284 1806 tores.
307 1778 351 1788 -
371 1737 443 1802 lmo
462 1738 521 1826 jus
545 1737 631 1803 illud
650 1743 702 1803 est
721 1736 1012 1826 antiquissimum,
1042 1759 1121 1802 nam
1146 1737 1227 1802 olim
1254 1738 1312 1802 ille

184 1854 380 1942 episcopus,
402 1855 471 1918 imo
490 1839 547 1918 ille
567 1854 661 1918 solus
686 1853 864 1941 episcopus
888 1859 1021 1941 poterat
1041 1852 1196 1918 ordinare
1215 1853 1313 1918 cleri-

184 1991 258 2050 cos,
276 1969 335 2056 qui
348 1974 484 2057 poterat
503 1991 560 2033 eos
575 1966 743 2033 ascribere
758 1967 911 2032 ecclesiis
925 1990 986 2032 seu
1000 1967 1123 2048 titulis,
1141 1967 1199 2055 qui
1220 1975 1312 2032 tene·

184 2082 268 2148 hant
302 2083 417 2147 locum
448 2081 701 2147 beneficiorum.
732 2081 819 2146 Cum
857 2104 937 2168 ergo
975 2083 1086 2146 titulis
1118 2105 1311 2147 successere

183 2196 364 2280 beneficia,
380 2197 440 2284 jus
459 2196 609 2285 episcopi
631 2195 835 2284 permansit,
858 2203 892 2260 et
911 2195 1013 2262 etiarn
1032 2203 1214 2284 postquam
1233 2195 1310 2284 plu-

183 2311 268 2376 rima
286 2309 451 2376 beneficia
475 2317 657 2376 evaserunt
677 2310 845 2399 simplicia
869 2333 930 2380 seu
952 2333 1022 2375 non
1046 2310 1275 2376 residentialia
1286 2314 1306 2376 ¹.

226 2426 263 2490 2⁰
277 2425 444 2490 Attamen
458 2424 687 2512 competentia
701 2424 866 2513 episcopi,
884 2425 1199 2507 rationebeneficii,
1217 2425 1310 2490 nulla
1355 2468 1359 2498 2

182 2549 235 2605 est
253 2539 367 2629 quoad
385 2541 539 2624 primam
563 2546 756 2623 tonsuram,
778 2539 824 2604 ita
847 2547 887 2604 ut
909 2538 1025 2604 nullus
1049 2561 1200 2627 unquam
1225 2540 1311 2604 reci-

180 2653 397 2745 pere'possit
421 2653 565 2741 primam
593 2660 769 2718 tonsuram
794 2677 814 2718 a
842 2654 965 2742 quovis
996 2653 1154 2740 episcopo
1181 2655 1310 2718 ratione

181 2768 345 2854 beneficii.
364 2767 504 2833 -Non
528 2766 620 2832 enim
643 2774 757 2856 potest
780 2790 855 2833 eam
878 2767 1027 2857 recipere
1051 2768 1181 2833 ratione
1205 2766 1310 2831 bene-

181 2881 248 2946 ficii
265 2883 347 2968 jam
371 2881 502 2964 collati,
524 2888 563 2946 ut
580 2904 642 2968 per
665 2905 701 2946 se
725 2889 837 2970 patet;
859 2904 940 2946 nam
963 2882 1070 2947 laicus
1094 2889 1146 2946 est
1170 2881 1308 2946 omnino

180 2995 326 3082 incapax
341 2995 507 3061 beneficii.
521 2995 645 3061 -Sed
659 3019 770 3084 neque
784 2996 916 3061 ratione
931 2997 1084 3082 beneficii
1098 2997 1306 3081 conferendi,

179 3111 282 3174 etiem
301 3109 434 3193 stetim,
455 3117 495 3175 ut
513 3117 648 3175 constat
667 3132 826 3197 expresse
844 3109 939 3176 bulla
958 3109 1208 3196 Speculatores,
1230 3111 1305 3194 §3:

181 3251 195 3282 α
219 3223 318 3288 Nulli
337 3223 496 3311 episcopo
520 3247 582 3290 seu
601 3224 754 3312 cujusvis
777 3224 844 3290 loci
863 3224 1058 3306 OrdInario,
1082 3225 1218 3290 tametsi
1238 3247 1309 3289 car-

179 3337 352 3402 dinalatus
381 3337 510 3403 honore
540 3337 686 3426 fulgeat,
717 3339 819 3404 licere
849 3338 1097 3428 (decernimus)
1128 3344 1306 3404 externum

178 3451 374 3538 quempiam
393 3475 431 3517 ac
451 3451 517 3516 sibi
534 3453 665 3518 ratione
685 3453 827 3540 originis
846 3475 907 3518 seu
921 3453 1124 3520 domicilii...
1142 3475 1209 3517 non
1226 3453 1306 3518 sub-

178 3565 304 3647 ditum,
326 3566 371 3630 ad
389 3566 579 3631 clericalem
604 3575 779 3632 tonsuram
798 3589 1015 3655 promovere,
1036 3569 1187 3654 cujusvis
1207 3569 1306 3632 hene-

176 3681 245 3762 ficii
263 3679 487 3762 ecclesiastici,
505 3681 535 3745 ei
552 3681 670 3745 statim
689 3705 727 3746 ac
743 3691 882 3747 tonsura
902 3682 1103 3770 hujusmodi
1123 3683 1305 3768 ineiqnitus

177 3795 286 3877 suerit
308 3795 523 3878 conserendi,
545 3817 607 3858 seu
630 3795 673 3860 ad
692 3795 784 3883 quod
807 3796 836 3860 is
856 3819 875 3861 a
894 3797 1046 3884 patronis
1066 3796 1139 3882 jam
1158 3819 1304 3885 praescn-

178 3913 268 3971 tatus
292 3929 354 3973 seu
378 3907 571 3972 nominatus
595 3907 712 3990 luerit,
734 3911 933 3998 praetextu².
955 3911 1081 3996 »Ergo
1106 3910 1212 3975 laicus
1236 3933 1303 3974 non

207 4111 215 4143 ¹
232 4109 272 4160 Cl.
288 4108 405 4168 Hallier‚
420 4108 459 4158 Dc
471 4109 558 4160 enoris
571 4110 750 4162 electionibus
765 4113 791 4161 et
806 4111 1036 4171 ordinationibus,
1053 4116 1122 4177 pert.
1140 4111 1178 4172 II,
1195 4117 1261 4163 sect.
1276 4129 1301 4168 v,

177 4201 200 4235 c.
212 4203 251 4248 ιιι,
267 4191 321 4238 art.
336 4191 365 4246 5;
382 4187 424 4236 ed.
439 4187 543 4251 MIgne,
559 4205 586 4252 p.
602 4194 657 4238 999.

206 4265 218 4301 ²
232 4267 307 4317 Ball.
324 4265 416 4323 lion,
429 4267 449 4316 t.
463 4281 502 4328 rx,
517 4283 545 4330 p.
561 4271 615 4316 ³75.
