3294 5054
357 465 408 516 436
699 464 742 514 DE
762 463 891 514 RlTlBUS
910 460 1144 512 onulutrlorus

358 605 452 666 tionis
472 613 526 666 aut
546 603 770 686 Praefationia,·
789 604 904 684 legitur
924 603 1033 674 etiam,
1057 601 1166 661 iisdem
1187 601 1251 661 lere
1272 601 1429 672 terminis,
1450 601 1482 658 in

357 709 507 771 hodierno
535 709 710 770 Pontificali
740 709 898 781 Romane,
929 706 1082 788 incipiens
1118 705 1165 765 his
1201 704 1331 765 verbis:
1361 729 1376 760 a
1400 705 1482 764 Vere

355 816 484 896 dignum
500 823 532 876 et
543 815 664 896 justum
680 821 767 876 est...
784 839 798 870 »

396 923 428 978 2⁰
448 921 483 979 ln
503 919 561 979 hac
581 917 715 978 secunda
737 917 877 977 oratione
898 937 950 976 seu
973 915 1230 994 Consecratione‚
1248 915 1395 994 leguntur
1414 913 1482 974 haec

356 1025 466 1098 verba,
487 1045 557 1105 quae
577 1021 795 1104 principaliora
816 1021 985 1080 videntur:
1008 1045 1022 1074 α
1094 1020 1133 1079 Et
1151 1019 1268 1080 idcirco
1288 1018 1336 1078 his
1356 1017 1482 1078 famulis

355 1129 416 1188 tuis
428 1127 449 1200 ¹,
463 1147 541 1206 quos
552 1125 590 1186 ad
601 1125 713 1185 summi
725 1123 889 1184 sacerdotii
906 1123 1111 1183 ministerium
1122 1122 1277 1202 delegisti,
1289 1121 1380 1196 hanc,
1392 1143 1481 1202 quae-

355 1252 472 1304 sumus,
490 1231 634 1304 Domine,
652 1229 782 1307 gratiam
798 1229 954 1308 largiaris,
972 1235 1007 1287 ut
1022 1227 1172 1310 quidquid
1188 1226 1241 1286 illa
1252 1226 1434 1288 ‚velamina’
1449 1227 1482 1286 in

354 1336 476 1416 fulgore
492 1337 570 1409 auri,
585 1335 615 1393 in
633 1335 734 1394 nitore
750 1353 955 1412 gemmarum,
970 1333 1001 1391 in
1017 1331 1194 1392 multimodi
1210 1332 1313 1413 operis
1328 1331 1481 1391 varietate

353 1441 531 1522 signabant,
549 1441 609 1500 hoc
628 1441 660 1499 in
680 1439 792 1499 horum
812 1438 952 1498 moribus
966 1438 1150 1519 actibusque
1169 1437 1328 1498 clarescat.
1346 1436 1480 1518 Comple

352 1549 384 1607 in
400 1545 614 1606 sacerdotibus
635 1545 696 1606 tuis
715 1543 855 1624 mysterii
876 1543 920 1602 tui
937 1563 1105 1616 summam,
1123 1549 1155 1602 et
1169 1543 1359 1602 ornamentis
1381 1541 1480 1602 totius

352 1648 587 1730 glorificationis
607 1647 776 1706 instructos
791 1645 924 1706 caelestis
939 1647 1089 1725 unguenti
1105 1646 1181 1706 llore
1201 1645 1371 1705 sanctifica.
1391 1646 1477 1718 Hoc,

352 1753 503 1825 Domine,
524 1751 650 1831 copiose
670 1751 701 1809 in
724 1771 832 1810 eorum
855 1757 949 1830 caput
970 1749 1096 1822 influat,
1113 1749 1173 1810 hoc
1195 1749 1226 1808 in
1251 1750 1313 1809 oris
1337 1749 1478 1829 subjecta

351 1857 512 1928 decurrat,
529 1857 589 1916 hoc
604 1857 635 1915 in
652 1855 748 1915 totius
763 1854 904 1935 corporis
919 1861 1058 1914 extrema
1073 1853 1251 1928 descendat,
1268 1862 1303 1914 ut
1318 1855 1363 1914 tui
1379 1855 1478 1935 Spiri-

351 1971 401 2022 tus
422 1962 522 2022 virtus
544 1969 576 2020 et
600 1959 747 2020 interiora
770 1959 883 2019 horum
899 1959 1019 2040 repleat
1037 1967 1069 2018 et
1084 1959 1237 2019 exteriora
1258 1959 1475 2039 circumtegat.

350 2065 496 2126 Abundat
520 2066 550 2124 in
576 2065 619 2124 eis
642 2063 816 2124 constantia
839 2063 926 2136 fidei,
952 2063 1070 2143 puritas
1094 2063 1287 2136 dilectionis,
1314 2063 1477 2124 sinceritas

350 2171 444 2252 pacis.
457 2169 587 2229 Tribuas
601 2169 645 2228 eis
660 2168 839 2229 cathedram
855 2168 1062 2249 episcopalem
1078 2167 1116 2228 ad
1130 2169 1296 2248 regendam
1313 2168 1475 2228 ecclesiam

349 2281 434 2334 tuam
450 2281 481 2335 et
496 2273 618 2356 plebem
635 2273 849 2334 universam...
869 2297 883 2329 »

389 2378 421 2438 3⁰
441 2377 573 2447 Quando
592 2377 696 2457 agitur
714 2377 753 2436 dc
768 2378 1002 2437 consecratione
1022 2376 1192 2456 episcopali
1211 2377 1308 2457 ipsius
1330 2376 1421 2437 electi
1444 2377 1475 2436 in

349 2482 524 2541 Romanum
541 2481 740 2555 Pontificem,
757 2482 801 2540 sic
816 2480 981 2541 exhibetur
1001 2481 1078 2541 ritus
1098 2481 1129 2540 in
1150 2480 1260 2541 eodem
1277 2478 1397 2541 Ordine
1412 2479 1474 2560 IX,

348 2608 379 2646 n.
397 2587 436 2645 5:
461 2611 474 2640 α
546 2585 721 2645 Prosternit
739 2605 772 2644 se
792 2585 824 2644 in
844 2587 1018 2646 orationem
1038 2593 1070 2644 et
1089 2585 1191 2646 omnis
1211 2586 1311 2646 clerus
1332 2605 1403 2646 cum
1424 2607 1474 2647 eo.

349 2690 461 2750 Postea
477 2689 607 2768 erigitur
621 2688 660 2750 ab
679 2689 849 2771 episcopis,
866 2697 898 2749 et
912 2689 1062 2750 statuitur
1080 2690 1162 2749 inter
1182 2689 1286 2750 sedem
1307 2698 1340 2749 et
1358 2689 1473 2760 altare,

348 2803 380 2854 et
396 2803 503 2854 tenent
517 2795 712 2872 evangelium
729 2815 823 2874 super
835 2802 929 2875 eaput
942 2794 991 2854 vel
1006 2795 1159 2854 cervicem
1175 2795 1283 2874 ipsine.
1300 2795 1339 2854 Et
1354 2795 1476 2855 accedit

349 2921 428 2959 unus
443 2899 619 2981 episcopus,
637 2905 667 2958 et
681 2897 736 2958 dat
750 2899 923 2959 orationem
939 2919 1134 2979 supereum,
1151 2907 1181 2958 et
1196 2899 1332 2972 recedit;
1350 2908 1381 2960 et
1396 2900 1476 2961 alter

348 3005 499 3064 similiter.
531 3003 660 3062 Accedit
692 3003 817 3076 tertius,
847 3011 879 3063 et
907 3012 1069 3063 consecrat
1097 3003 1197 3064 illum.
1228 3004 1474 3066 Archidiaconus

347 3115 451 3168 autem
467 3107 599 3189 imponit
615 3107 642 3167 ei
659 3107 803 3188 pallium,
823 3117 854 3167 ct
869 3116 943 3168 tunc
956 3107 1037 3167 inter
1052 3107 1304 3169 archidiaconum
1321 3119 1352 3169 et
1367 3110 1472 3171 diaco·

347 3233 421 3272 num
437 3213 577 3272 elevatur
596 3212 627 3270 in
643 3211 725 3272 sede.
744 3238 757 3268 u
777 3212 883 3286 Unde,
900 3212 1026 3293 quando
1042 3211 1203 3273 Romanus
1224 3213 1370 3274 Pontifex
1391 3215 1472 3275 ordi·

348 3324 400 3376 nat
416 3318 611 3398 episcopum,
628 3315 714 3376 colus
734 3315 820 3376 illum
837 3325 1017 3390 consecrat;
1035 3316 1161 3399 quando
1177 3338 1252 3378 vero
1268 3319 1334 3400 ipse
1349 3319 1472 3380 ordina·

347 3428 398 3480 tur
420 3422 600 3502 episcopus,
626 3427 688 3480 tres
713 3420 915 3501 requiruntur
939 3421 1093 3502 episcopi,
1117 3422 1156 3481 ad
1181 3443 1322 3482 normam
1347 3425 1469 3484 concilii

348 3527 481 3598 Nicaeni,
504 3547 571 3586 can.
594 3524 645 3598 4³,
667 3525 756 3606 cujus
779 3525 1029 3586 observationem
1052 3535 1142 3606 urget
1163 3527 1330 3588 concilium
1357 3529 1469 3590 Roma·

347 3650 433 3704 num,
447 3651 496 3690 an.
510 3630 633 3689 circiter
645 3628 714 3703 384,
727 3651 795 3689 can.
810 3630 880 3690 15⁴.
893 3630 982 3699 Quod
997 3630 1164 3691 discrimen
1181 3639 1268 3692 notat
1283 3633 1466 3704 Ferrandus,

347 3732 692 3810 BreviatioCaoonum,
706 3736 807 3794 camb
822 3751 828 3792 :
848 3759 862 3789 «
879 3735 922 3794 Ut
937 3757 1017 3796 unus
1030 3737 1194 3817 episcopus
1210 3737 1391 3818 episcopum
1407 3758 1465 3798 non

347 3838 480 3910 ordinet,
498 3845 627 3920 excepta
642 3837 789 3899 Ecclesia
804 3839 945 3900 Romana
956 3841 978 3900 ⁵.
999 3867 1013 3896 »
1029 3840 1179 3900 —Aliud
1194 3840 1359 3902 discrimen
1376 3843 1465 3903 situm

378 3959 387 3992 ¹
405 3959 482 4022 Saepe
497 3959 568 4007 enim
584 3958 662 4007 Rom.
679 3959 802 4008 Pontifex
818 3960 910 4023 plures
925 3961 1004 4009 simul
1019 3961 1197 4010 consecrabat
1211 3963 1362 4027 episcopos.

377 4037 388 4071 ²
404 4037 436 4091 ln
449 4037 535 4086 veteri
550 4037 608 4098 lege
621 4038 743 4086 adhiberi
759 4039 839 4088 solita
854 4039 880 4086 in
898 4041 1102 4089 consecratione
1116 4039 1286 4102 pontificum.

377 4116 388 4150 ⁸
404 4115 504 4173 Brona,
522 4114 657 4174 Concilio,
672 4119 691 4164 t.
706 4131 726 4175 r,
743 4133 769 4178 p.
787 4121 824 4164 1⁵.
1074 4119 1075 4122 ’

376 4194 387 4227 ⁴
404 4194 505 4253 Bruns,
522 4197 541 4242 t.
558 4208 588 4252 rr,
607 4209 633 4256 p.
650 4199 704 4242 281.

377 4273 388 4306 Ι
402 4272 501 4329 hligne,
518 4271 547 4320 P.
560 4271 598 4328 t,
613 4275 632 4319 t.
648 4287 725 4328 invii,
740 4273 791 4320 col.
803 4277 856 4320 949.
873 4299 899 4310 -
916 4273 942 4322 S.
955 4275 1101 4336 Gregorius
1115 4275 1238 4338 Magnus,
1252 4277 1350 4342 Epist„
1361 4279 1407 4327 lib.
1420 4278 1464 4334 xl,
