3294 5054
350 459 403 512 400
617 461 660 512 DE
680 461 818 512 LEGIBUS
838 460 952 510 SACRAE
971 459 1207 511 onoluarlouls

243 631 248 641 ·
351 605 427 692 (aut
454 604 611 684 vicinior,
640 605 669 668 si
695 610 815 690 agatur
842 604 883 668 de
909 603 1115 668 monasterio
1142 603 1300 692 Nullius)
1326 603 1470 681 ordinat,

350 719 420 798 vel,
452 719 577 783 virtute
617 718 743 782 decreti
785 716 1006 798 Clementini,
1037 718 1215 806 episcopus
1253 717 1396 786 alienus,
1434 717 1473 782 ln

349 832 460 921 priore
482 855 579 914 casu,
597 831 747 920 episcopi
770 831 954 896 dioeoesani
972 837 1025 896 est
1046 831 1241 919 dispensare
1261 833 1296 896 in
1323 832 1473 898 intersti-

350 947 418 1026 tiis,
441 947 532 1034 quod
560 945 602 1010 de
629 968 665 1010 se
684 952 790 1033 patet.
812 983 856 994 -
877 945 914 1009 ln
942 945 1048 1010 altero
1068 968 1166 1026 casu,
1187 969 1256 1010 non
1282 946 1326 1010 ad
1344 945 1474 1033 episco-

349 1083 429 1148 pum
454 1059 683 1124 dioeecsanum
709 1059 857 1147 pertinet
871 1059 929 1146 jus
952 1059 1171 1146 dispensandi
1195 1083 1272 1124 cum
1294 1059 1473 1147 Regulari-

348 1173 412 1240 bus
436 1175 470 1238 in
490 1173 698 1254 interstitiis,
720 1173 781 1238 sed
804 1173 847 1238 ad
866 1175 1058 1260 episcopum
1082 1173 1247 1256 alienum,
1268 1175 1330 1260 qui
1357 1197 1472 1239 reocre

348 1289 483 1352 ordines
508 1291 640 1372 confert
667 1287 916 1373 Reqularibus;
939 1287 1025 1352 ratio
1049 1295 1103 1352 est
1128 1288 1223 1375 quia,
1249 1288 1401 1376 quando,
1428 1287 1470 1352 ad

348 1403 501 1466 tramites
534 1400 661 1466 decreti
695 1399 915 1482 Clementini,
956 1401 1136 1489 episcopus
1170 1401 1381 1466 dioecesanus
1418 1408 1471 1465 est

346 1513 469 1580 absens
497 1523 556 1580 aut
588 1514 700 1579 nullas
727 1513 903 1580 habiturus
932 1514 1177 1594 ordinationes,
1206 1514 1331 1580 decidit
1363 1539 1381 1578 a
1407 1538 1469 1579 suo

342 1629 431 1716 jure,
449 1629 547 1716 eique
560 1628 789 1710 substituitur,
807 1637 969 1716 tanquam
986 1629 1164 1716 episcopus
1179 1631 1343 1715 proprius
1357 1629 1470 1716 quoad

346 1743 610 1826 ordinationem,
640 1743 819 1830 episcopus
845 1742 902 1807 ille
930 1743 1078 1822 alienus,
1100 1743 1304 1831 quicumque
1332 1749 1400 1824 est,
1426 1742 1468 1806 ad

346 1880 447 1946 quem
474 1855 648 1922 subditum
675 1880 775 1921 suum
804 1857 946 1922 dimittit
972 1857 1125 1944 superior
1143 1857 1325 1944 regularis3
1349 1855 1468 1921 confir-

345 1979 457 2037 matur
480 1969 590 2037 tribus
614 1971 671 2036 cit.
697 1970 731 2036 S.
754 1971 880 2058 Congr.
908 1970 1012 2037 Cone.
1035 1970 1281 2054 decisionibus,
1304 1995 1359 2036 an.
1383 1970 1466 2038 1597

344 2093 379 2150 et
399 2085 501 2164 1609,
525 2087 558 2148 in
579 2083 702 2173 quibus
727 2085 785 2172 jus
813 2085 1034 2172 dispensandi
1060 2085 1198 2172 praecise
1223 2085 1390 2174 pertinere
1409 2084 1466 2148 de·

344 2199 451 2264 clarat
470 2197 512 2264 ad
533 2199 729 2286 episcopum
749 2199 976 2263 ordinantem.

388 2313 424 2376 l⁰
457 2312 621 2392 Quaerunt
649 2311 754 2399 aliqui
782 2333 865 2376 num
890 2312 948 2400 jus
984 2312 1204 2400 dispensandi
1240 2319 1390 2377 transeat
1423 2310 1466 2374 ad

344 2427 507 2491 vicariurn
533 2425 772 2510 capitularem,
796 2423 875 2490 sede
902 2431 1045 2491 vacante
1060 2429 1082 2491 ¹.
1110 2465 1154 2474 -
1178 2425 1251 2490 Hoc
1270 2425 1462 2514 quaesitum,

344 2548 505 2627 tanquam
525 2538 662 2618 inutile,
683 2538 925 2626 praetermitt03
947 2539 1083 2627 quando
1107 2539 1197 2603 enim
1221 2539 1320 2604 sedes
1339 2539 1465 2626 episeo-

342 2655 430 2742 palis
449 2653 640 2718 dioecesana
665 2659 782 2733 vacat,
805 2653 862 2740 jus
885 2651 1004 2734 habet,
1031 2677 1072 2717 ex
1095 2652 1195 2718 dictis
1216 2653 1263 2740 (n.
1289 2651 1382 2734 161,
1402 2652 1461 2738 2⁰),

343 2767 495 2855 superior
527 2765 693 2852 regularis
725 2765 899 2830 subditum
926 2789 1025 2830 suum
1051 2765 1246 2831 dimittendi
1278 2765 1321 2830 ad
1347 2787 1463 2853 quem—

342 2902 487 2967 cumque
507 2880 704 2965 episcopum
730 2879 896 2960 alienum,
918 2879 976 2967 qui
996 2879 1285 2966 dispensationem
1309 2879 1343 2944 in
1363 2878 1463 2942 inter-

342 2994 444 3058 stitiis
459 2992 632 3058 concedet.

385 3109 421 3171 50
440 3105 535 3171 Licet
549 3105 607 3192 jus
626 3105 846 3194 dispensandi
861 3105 1049 3192 Regulares
1062 3107 1174 3194 quoad
1195 3105 1377 3171 interstitia
1390 3126 1462 3192 per·

341 3220 447 3285 tineat
471 3221 512 3284 ed
537 3220 750 3308 episcopum,
777 3227 943 3302 attamen,
970 3221 1081 3308 quoad
1102 3219 1269 3307 judicium
1295 3219 1337 3284 de
1356 3219 1461 3284 causis

340 3334 597 3418 dispensationis
626 3355 686 3397 seu
714 3317 937 3412 remissionis,
956 3341 1083 3398 'utrum
1117 3355 1240 3421 nempe
1272 3332 1457 3411 sufficiant,

340 3447 441 3512 fidem
474 3447 633 3511 adhibere
667 3453 803 3512 tenetur
835 3448 1014 3535 episcopus
1048 3448 1245 3514 testimonio
1278 3445 1460 3535 superioris

339 3561 516 3648 regularis.
546 3599 587 3610 —
622 3561 674 3626 lta
707 3559 772 3626 lert
793 3561 1062 3650 jurisprudentia
1087 3561 1121 3628 S.
1149 3561 1275 3650 Congr.
1303 3560 1456 3631 Concilii,

339 3697 413 3763 quse
431 3674 560 3762 pluries
579 3675 625 3740 ita
645 3675 787 3758 decidit,
805 3676 992 3763 pracsertim
1011 3677 1046 3741 in
1070 3676 1178 3741 tribus
1197 3675 1315 3741 relatis
1334 3676 1458 3754 causis,

338 3812 393 3854 an.
418 3787 502 3854 1597
519 3796 552 3852 et
577 3787 671 3868 1609,
694 3786 751 3855 ubi
770 3789 834 3854 hoc
854 3813 1012 3877 expresse
1037 3789 1227 3856 declaratur
1247 3789 1338 3874 (vide
1358 3788 1459 3854 verba

337 3925 439 3991 supra
462 3901 598 3990 relata).

368 4113 375 4145 ¹
396 4112 467 4166 Ptol,
484 4111 686 4168 Praetectiones,
703 4117 765 4164 etc..
783 4112 831 4160 loc.
848 4111 902 4168 cit,
919 4127 945 4174 q.
962 4129 1008 4168 rx,
1023 4127 1049 4174 p.
1067 4118 1119 4159 299.
