3294 5054
318 467 371 520 382
585 469 630 519 DE
647 468 787 522 LEGIBUS
805 469 922 520 SACRAE
938 468 1173 520 onntntnoals

319 631 425 695 ribus.
459 667 502 679 -
529 629 593 694 Hic
617 628 822 694 Benedictus
851 628 941 710 XIV,
963 629 999 692 in
1027 628 1120 694 bulla
1149 630 1362 715 Impositi,-§
1387 632 1441 712 15,

317 753 413 811 notat
442 744 594 810 fraudem
614 742 797 830 aliquando
820 750 1005 832 patratam,
1035 765 1159 832 nempe
1182 743 1318 809 illorum
1337 768 1443 834 supe-

316 861 441 924 riorum
471 859 545 946 qui,
579 885 595 916 o
630 855 893 922 advenientibus
924 856 1176 922 ordinationum
1208 859 1437 946 temporihuS,

313 974 469 1039 subditos
488 995 568 1036 suos
588 971 760 1036 domicilio
780 979 951 1051 moveant,
981 971 1203 1059 eosdemque,
1224 973 1342 1037 statim
1359 983 1440 1060 post

313 1095 491 1176 susceptos
510 1086 662 1166 ordineS,
688 1085 782 1150 falsis
803 1085 975 1150 decausis
998 1085 1042 1150 ad
1059 1086 1242 1174 pristinum
1264 1096 1438 1153 monaste-

313 1203 400 1267 rium
419 1201 544 1266 reverti
559 1199 718 1288 jubeant,
745 1227 761 1260 a
776 1199 847 1266 haee
866 1207 980 1264 tamen
1001 1199 1191 1265 irausclare
1211 1200 1437 1268 demonstrari

311 1317 466 1398 deberet,
492 1337 555 1380 nec
577 1315 649 1380 ullo
669 1313 770 1378 modo
794 1313 1027 1402 praesumitur,
1049 1337 1089 1380 eo
1112 1315 1224 1401 magis
1241 1315 1332 1403 quod
1350 1316 1437 1381 nihil

309 1433 344 1495 in
359 1431 436 1519 jure
456 1435 623 1496 statutum
639 1435 691 1492 est
710 1429 797 1492 circa
817 1435 952 1516 tempus
967 1451 1034 1516 quo
1054 1428 1242 1516 Regulares
1256 1429 1435 1495 ordinandi

310 1545 432 1610 morari
473 1541 599 1608 debent
638 1543 673 1606 in
709 1542 917 1606 monasterio
958 1543 1107 1631 episcopi
1144 1542 1348 1626 ordinantis,
1390 1543 1434 1608 ad

308 1661 468 1724 effectum
486 1665 525 1722 ut
543 1658 584 1720 de
597 1659 674 1742 ejus
691 1657 826 1742 familia
845 1655 912 1721 dici
931 1657 1064 1744 possint
1077 1661 1097 1721 ¹.

353 1773 388 1840 3⁰
407 1773 482 1838 Duo
509 1793 607 1836 casus
634 1770 859 1857 excipiuntur,
887 1771 922 1834 in
948 1770 1071 1858 quibus
1091 1749 1243 1859 superior
1267 1773 1432 1859 regularis

308 1910 406 1952 suum
433 1885 607 1951 subditum
631 1883 802 1948 dimittere
826 1891 940 1972 potest
963 1886 1008 1948 ad
1037 1907 1286 1972 quemcumque
1309 1888 1431 1972 episco-

302 2024 423 2088 pum:
444 2000 474 2064 1.
505 1997 647 2078 Quando
668 1999 761 2062 adest
788 2000 961 2084 episcopus
987 2000 1206 2083 dioecesanus,
1230 2006 1269 2064 ut
1297 2008 1430 2066 constat

231 2107 233 2111 ¹
305 2139 347 2180 ex
372 2117 429 2179 cit.
462 2114 622 2194 decretis,
650 2112 740 2200 quod
764 2135 882 2176 verum
907 2121 974 2194 est,
1001 2113 1082 2178 licet
1104 2115 1284 2201 episcopus
1307 2114 1428 2180 absens

303 2236 400 2294 curet
423 2227 671 2292 ordinationem
695 2227 767 2290 {ieri
791 2227 826 2291 in
848 2248 909 2291 sua
933 2227 1072 2292 dioecesi
1097 2251 1156 2316 per
1175 2228 1282 2293 alium
1301 2229 1427 2318 episco-

304 2351 403 2431 pum,
434 2341 512 2430 quia
542 2342 645 2406 etiam
676 2347 757 2405 tunc
791 2363 907 2406 revera
944 2342 1118 2427 episcopus
1147 2343 1350 2408 diocesanos
1379 2353 1428 2408 est

304 2459 457 2536 abaces’,
489 2493 533 2503 -
553 2455 585 2520 2.
608 2453 751 2533 Quando
779 2435 963 2543 episcopus
987 2455 1216 2537 dioecesanuS,
1242 2457 1324 2522 lieet
1340 2481 1427 2546 prae-

303 2595 381 2635 sens
414 2571 449 2634 in
483 2592 543 2634 sua
576 2569 732 2650 dioecesi,
768 2591 834 2633 non
869 2569 1052 2635 habiturus
1079 2579 1127 2635 est
1161 2571 1423 2655 ordinationem,

302 2709 440 2773 nempe,
471 2685 520 2748 uti
554 2684 797 2770 interpretatus
830 2691 882 2747 est
915 2683 1121 2748 Benedictus
1154 2683 1232 2748 XIV
1264 2686 1299 2750 in
1332 2684 1424 2750 bulla

301 2799 472 2885 Impositi,
500 2803 516 2880 ,t
550 2797 606 2878 12,
629 2819 697 2861 non
722 2795 900 2862 habiturus
923 2803 977 2862 est
999 2797 1249 2864 ordinationem
1263 2801 1423 2884 proximo

229 2953 231 2958 -
302 2913 452 2998 lcpitimo
473 2921 621 2997 tempore
640 2933 706 2995 per
726 2911 961 2976 ecclesiasticas
982 2911 1071 2997 leqes
1093 2913 1137 2976 ad
1157 2912 1248 2978 hunc
1266 2917 1420 2998 effectum

297 3036 426 3092 statuto
433 3047 449 3110 ,·
466 3026 572 3107 unde,
595 3026 675 3090 licet
693 3025 872 3113 episcopus
890 3026 1103 3091 dioecesanus
1127 3049 1195 3092 non
1222 3028 1267 3092 sit
1289 3027 1423 3093 hahitu-

298 3163 357 3205 rus
385 3140 632 3205 ordinationem
661 3139 723 3203 hac
749 3137 804 3204 vel
832 3139 892 3204 illa
920 3139 975 3203 die
1003 3139 1172 3205 dominica
1200 3149 1259 3206 aut
1286 3141 1421 3222 festiva,

298 3275 400 3341 quarn
430 3253 629 3340 RegulareS,
659 3253 693 3318 vi
720 3252 844 3318 indulti
873 3263 970 3318 extra
995 3262 1164 3339 tempora,
1190 3255 1366 3342 petierint,
1392 3256 1422 3321 si

297 3375 413 3432 tamen
446 3368 694 3433 ordinationem
727 3366 906 3432 habiturus
940 3367 988 3433 sit
1016 3368 1172 3456 proximo
1208 3368 1349 3435 sabbato
1378 3371 1421 3435 ad

297 3481 515 3546 collationem
545 3481 701 3545 ordinum
723 3487 815 3569 apto,
844 3503 913 3569 non
939 3490 992 3547 est
1019 3481 1114 3546 locus
1139 3482 1217 3547 huic
1241 3483 1420 3570 posteriori

294 3595 503 3682 exceptioni,
532 3602 566 3659 et
595 3594 737 3682 proinde
764 3616 833 3660 non
861 3601 976 3683 potest
1000 3597 1153 3684 superior
1178 3598 1346 3682 regularis
1369 3598 1419 3662 di-

295 3708 429 3774 mittere
461 3707 635 3772 subditum
660 3731 760 3772 suum
788 3708 831 3772 ad
860 3732 1111 3798 quemcumque
1137 3711 1347 3799 episcopum.
1373 3752 1418 3762 -

294 3823 425 3888 Pariter
448 3845 517 3886 non
541 3829 594 3887 est
617 3823 713 3888 locus
737 3823 815 3888 huic
838 3824 1018 3910 posteriori
1038 3825 1231 3912 exceptioni
1253 3826 1288 3891 in
1308 3825 1416 3892 tribus

292 3935 427 4002 casibus
455 3937 513 4024 qui
536 3944 750 4024 sequuntur:
781 3940 812 4002 t.
842 3937 879 4002 Si
905 3938 1084 4026 episcopus
1108 3939 1322 4005 dioeces'anus
1346 3965 1415 4006 non

291 4050 470 4116 habiturus
485 4051 530 4115 sit
544 4051 682 4139 quidem
702 4051 951 4116 ordinationem
970 4053 1178 4138 qeneratcm,
1201 4053 1261 4118 sed
1281 4061 1414 4120 tantum

321 4212 329 4244 ¹
349 4212 427 4268 Quod
442 4215 520 4260 caute
533 4215 611 4260 notat
627 4211 798 4271 Honorante,
814 4211 925 4272 Prasia,
942 4217 1004 4272 ete,
1018 4229 1042 4261 c.
1058 4227 1106 4270 sn,
1123 4217 1180 4263 not.
1195 4219 1222 4272 t,
1239 4229 1265 4276 p.
1280 4219 1335 4264 116.

322 4290 332 4324 ⁸
349 4289 389 4339 lta
405 4291 525 4353 Riganti,
542 4289 590 4338 loc.
607 4288 662 4346 cit„
678 4305 703 4336 n.
718 4295 776 4347 2563
794 4319 821 4326 -
838 4291 931 4350 Petra,
949 4291 997 4340 loc.
1011 4291 1066 4350 cit,
1083 4296 1150 4341 sect.
1167 4307 1198 4350 n,
1215 4298 1412 4356 n.32‚p.192.
