3248 5052
347 491 399 542 642
703 487 746 536 DE
766 485 871 536 SthllA
890 483 1116 534 ORDlNATlONE

347 634 385 693 ad
400 633 630 713 episcopatum,
645 631 725 689 sicut
740 627 792 687 alii
807 628 845 687 ad
861 625 937 686 alios
958 625 1096 697 ordines,
1113 623 1249 704 promoti
1268 629 1385 695 essent,
1404 642 1471 680 non

347 737 469 790 servata
479 729 584 810 forma
595 724 745 786 Ecclesia
759 729 915 798 consueta,
929 722 978 781 vel
995 742 1056 780 nnn
1068 725 1190 780 seruata
1200 718 1351 779 Ecclesiae
1363 718 1470 798 forma

348 835 379 886 et
403 823 590 898 intentione,
616 829 709 903 prout
730 823 861 899 Legatus
882 819 948 899 ipse
971 817 1010 877 ad
1031 818 1209 897 episcopum
1235 816 1469 875 Norwieensem

348 921 511 982 scribebat.
541 920 580 978 Hi
606 927 709 978 autem
734 937 795 976 non
821 915 871 974 alii
896 913 1038 995 prolecto
1064 922 1153 972 erant
1175 913 1233 971 nisi
1257 913 1310 992 qui
1334 911 1469 991 promoti

348 1017 517 1078 seeundum
546 1035 658 1074 novam
684 1012 829 1072 ritualem
854 1012 1001 1083 sormam,
1027 1010 1077 1070 eui
1103 1031 1229 1090 quoque
1256 1007 1471 1068 examinandae

348 1113 459 1175 delecti
475 1111 647 1172 cardinales
666 1117 818 1168 attentam
836 1128 961 1188 operam
981 1106 1142 1166 dederant.
1162 1105 1269 1184 Neque
1285 1104 1473 1185 praetermit·

348 1211 460 1271 tendus
483 1217 529 1268 est
551 1208 638 1266 locus
660 1227 697 1264 ex
722 1204 838 1264 eisdem
858 1203 1013 1284 pontificis
1033 1202 1160 1274 litteris,
1182 1202 1309 1260 omnino
1331 1201 1374 1260 rei
1396 1221 1472 1259 con-

349 1325 480 1386 gruens3
502 1304 554 1363 ubi
575 1323 645 1364 eum
665 1301 733 1360 aliis
753 1301 904 1360 beneficio
919 1299 1158 1380 dispensationis
1177 1297 1341 1376 egentibus
1359 1317 1470 1356 nume-

349 1411 457 1462 rantur
471 1401 525 1482 qui
546 1407 609 1460 tam
629 1397 756 1458 ordines
773 1418 869 1478 qnam
889 1393 1043 1477 beneficia
1062 1393 1273 1455 ecclesiastica
1294 1392 1424 1452 nulliter
1437 1399 1471 1451 et

348 1499 386 1560 de
404 1498 488 1579 sacto
508 1495 722 1556 obtinuerant.
741 1493 875 1553 Nulliter
890 1493 971 1551 enim
992 1491 1162 1551 obtinuisse
1182 1490 1308 1550 ordines
1327 1490 1407 1548 idem
1422 1497 1471 1548 est

348 1605 441 1678 atque
466 1593 553 1652 irrito
577 1599 648 1652 actu
674 1590 823 1670 nulloque
848 1590 978 1664 ellectu,
1001 1587 1146 1646 videlicet
1171 1585 1324 1664 invalide,
1349 1594 1382 1646 ut
1404 1585 1470 1666 ipsa

348 1699 455 1751 monet
468 1689 534 1769 ejus
548 1689 633 1748 vocis
647 1686 766 1746 notatio
779 1694 810 1744 et
823 1684 1018 1744 consuetudo
1031 1683 1199 1755 sermonis;
1215 1683 1385 1763 praesertim
1399 1702 1469 1740 eum

347 1787 430 1846 idem
445 1786 510 1866 pari
526 1783 619 1844 modo
635 1784 808 1842 affirmetur
820 1780 858 1840 de
874 1780 1037 1840 ordinibus
1049 1779 1132 1860 quod
1143 1780 1182 1839 de
1198 1777 1360 1861 beneficiis
1374 1777 1471 1838 eccle·

348 1881 500 1958 siasticis,
522 1902 592 1962 quae
612 1901 649 1940 ex
669 1879 762 1938 certis
781 1897 939 1936 sacrorum
960 1897 1115 1936 canonum
1136 1876 1286 1935 institutis
1306 1874 1470 1934 manifesto

348 1987 437 2039 erant
452 1978 551 2048 nulla,
569 1997 605 2036 eo
622 1976 693 2056 quia
709 1995 780 2034 cum
797 1974 874 2033 vitio
887 1973 1063 2032 infirmante
1079 1973 1202 2032 collata.

391 2077 460 2135 llue
476 2073 596 2133 accedit
609 2072 708 2154 quod,
725 2069 956 2149 ambigentibus
972 2069 1131 2129 nonnullis
1145 2069 1272 2149 quinam
1289 2088 1394 2128 revera
1406 2067 1471 2146 epi-

349 2173 434 2252 scopi
454 2170 513 2230 rite
534 2177 562 2229 et
587 2177 669 2228 recte
689 2165 831 2226 ordinati
856 2165 916 2225 dici
941 2174 972 2224 et
992 2164 1097 2226 haberi
1123 2172 1250 2245 possent
1273 2165 1311 2224 ad
1336 2171 1470 2223 mentem

350 2267 521 2350 pontificis,
542 2265 673 2324 hicnon
696 2263 795 2322 multo
815 2271 903 2342 post,
925 2261 974 2320 die
994 2283 1052 2320 xxx
1071 2262 1225 2335 octobris,
1247 2261 1322 2321 alias
1341 2260 1473 2340 subjecit

350 2367 468 2424 litteras
479 2363 509 2421 in
523 2361 650 2420 modum
664 2359 778 2432 brevis,
791 2367 896 2438 atque,
910 2357 985 2434 Nos,
999 2358 1111 2438 inquit,
1125 2356 1352 2417 haesitationem
1363 2357 1472 2438 liujus-

351 2459 436 2520 modi
465 2457 589 2532 tollere,
616 2463 644 2515 et
673 2453 838 2515 serenitati
867 2452 1066 2514 coriscientiae
1094 2475 1202 2514 eorum
1226 2453 1283 2536 qui
1306 2452 1473 2512 schismate

349 2557 485 2616 durante
509 2551 551 2613 ad
576 2550 703 2612 ordines
727 2549 868 2632 promoti
889 2549 1033 2630 fuerant,
1056 2557 1191 2610 mentem
1215 2555 1245 2610 et
1269 2549 1473 2610 intentionem

353 2673 449 2736 quam
466 2649 498 2708 in
512 2648 629 2708 eisdem
648 2647 763 2707 litteris
784 2644 911 2706 Nostris
926 2645 1096 2706 babuimus
1117 2645 1236 2706 elarius
1256 2643 1472 2728 exprimendo,

351 2753 523 2830 opportune
539 2743 702 2804 consulere
722 2743 873 2819 volentes,
892 2739 1091 2802 declaramus
1106 2763 1156 2802 eos
1178 2749 1298 2802 tantum
1314 2741 1474 2824 episcopos

351 2852 380 2903 et
394 2841 646 2923 archiepiscopos
660 2839 717 2922 qui
738 2861 798 2899 rien
820 2839 852 2899 in
872 2840 976 2921 forma
991 2838 1143 2899 Ecclesia
1162 2837 1303 2898 ordinati
1321 2845 1351 2898 et
1369 2858 1474 2897 conse-

352 2939 432 2999 crati
447 2938 592 3019 suerunt,
608 2936 668 2996 rite
685 2943 714 2996 et
727 2943 810 2995 recte
825 2935 988 2996 ordinatos
1000 2933 1066 2994 diei
1082 2956 1143 2995 non
1158 2954 1262 3015 posse.
1281 2936 1356 3002 Quae
1371 2934 1475 2994 decla-

352 3037 447 3108 rati0,
460 3035 518 3093 nisi
534 3033 675 3114 apposite
690 3031 729 3092 ad
745 3053 809 3090 rem
826 3031 945 3112 Angliae
961 3039 1158 3112 praesentem,
1172 3030 1201 3089 id
1218 3039 1266 3090 est
1279 3030 1318 3091 ad
1330 3030 1476 3090 Ordiuale

353 3131 589 3202 eduardianum,
607 3136 747 3208 spectare
763 3127 933 3198 debuisset,
952 3127 1028 3186 nibil
1043 3135 1126 3187 certe
1141 3127 1321 3187 coniecerat
1336 3127 1476 3207 pontifex

354 3228 443 3287 novis
459 3227 585 3298 litteris,
603 3246 666 3305 quo
682 3225 731 3283 vel
752 3223 979 3283 haesitationem
1001 3223 1138 3300 tolleret,
1156 3224 1206 3282 vel
1221 3222 1384 3283 serenitati
1402 3243 1477 3282 eon-

354 3322 493 3383 scientiae
520 3321 705 3381 consuleret.
736 3319 881 3379 Ceterum
911 3320 1090 3400 apostolicae
1115 3319 1203 3379 Sedis
1232 3321 1417 3380 documenta
1445 3325 1479 3377 et

355 3419 499 3478 mandata
516 3439 578 3477 non
593 3417 683 3476 aliter
702 3415 828 3497 quidem
850 3417 982 3494 Legatus
1001 3415 1170 3490 intellexit,
1186 3423 1279 3498 atque
1298 3417 1340 3476 ita
1356 3418 1399 3474 eis
1418 3416 1477 3473 rite

355 3516 561 3594 religioseque
577 3513 819 3593 obtemperavit3
838 3512 930 3593 idque
951 3512 1067 3592 pariter
1086 3512 1203 3572 lactum
1221 3533 1238 3572 a
1258 3513 1363 3591 regina
1378 3511 1477 3571 Maria

356 3621 417 3672 eta
436 3611 547 3670 ceteris
564 3610 618 3690 qui
638 3629 709 3668 eum
729 3629 764 3668 ea
784 3607 937 3667 dederunt
958 3629 1083 3689 operam
1104 3615 1139 3667 ut
1158 3609 1267 3688 religio
1286 3616 1317 3668 et
1335 3608 1479 3667 instituta

356 3707 506 3767 catholica
522 3706 553 3764 in
569 3705 734 3786 pristinum
751 3703 853 3763 locum
870 3704 1119 3764 restituerentur.

396 3803 608 3862 Auctoritates
634 3822 711 3882 quas
737 3801 942 3860 excitavimus
965 3800 1041 3860 Julii
1066 3801 1111 3858 lll
1136 3807 1168 3859 et
1192 3800 1279 3860 Pauli
1305 3801 1347 3860 lV
1371 3809 1479 3880 aperte

358 3899 527 3959 ostendunt
542 3897 629 3957 initia
646 3897 712 3978 ejus
725 3896 896 3976 disciplinae
912 3918 981 3977 quae
996 3905 1104 3956 tenore
1120 3897 1287 3969 constanti,
1298 3896 1363 3977 jam
1379 3896 1480 3956 tribus

358 3995 490 4076 amplius
508 3993 644 4067 sarculis,
662 3993 817 4053 custodita
832 4001 895 4066 est,
911 4001 945 4052 ut
960 3993 1171 4053 ordinationes
1191 3993 1253 4052 ritu
1272 3993 1479 4064 eduardian0,

358 4092 546 4150 haberentur
566 4090 689 4149 iniectae
711 4097 742 4148 et
764 4089 873 4162 nullae;
887 4089 945 4148 eui
968 4088 1138 4170 disciplinae
1160 4088 1349 4169 amplissime
1371 4091 1482 4149 sull'ra-

358 4195 471 4267 gantur
495 4186 671 4256 testimonia
694 4183 792 4244 multa
817 4185 995 4245 earumdem
1018 4185 1250 4245 ordinationum
1273 4205 1341 4266 quae
1366 4187 1398 4244 in
1422 4185 1482 4246 hac

358 4284 449 4342 etiam
472 4282 554 4342 Urbe
574 4282 687 4362 saepius
706 4281 910 4362 absoluteque
938 4282 1056 4342 iteratae
1080 4288 1154 4341 sunt
1174 4283 1234 4341 ritu
1255 4281 1422 4344 catholico.
1445 4284 1483 4342 ln
