3300 5056
428 487 471 537 DE
490 487 702 538 TEMPORIBUS
721 488 762 537 ΕΤ
781 487 865 538 Loco
884 452 1139 540 ORDlNll'l'lONUll
1291 488 1344 540 255

218 628 367 712 ferendae
385 631 568 695 sententiae.
585 629 791 696 -Constat
808 653 882 718 cap.
900 630 999 715 Sane,
1017 632 1050 714 2,
1069 633 1119 696 Dn
1138 653 1231 697 rsus.
1251 652 1339 714 ono„

219 741 341 830 inquo
361 742 558 808 Alexander
577 743 643 826 Ill,
664 743 809 832 loquens
833 745 874 810 de
898 745 952 810 his
976 721 1136 811 indebitis
1160 746 1343 813 ordinatio-

217 854 336 937 nibus,
353 857 424 923 ait:
446 884 463 918 u
481 857 584 947 Apud
602 881 666 924 nos
686 859 734 924 sic
753 859 901 924 ordinati
920 859 1182 946 deponerentur,
1200 867 1234 926 et
1253 861 1344 926 ordi-

218 978 336 1035 nantes
350 971 574 1056 privarentur
596 974 797 1038 auctoritate
821 974 1014 1039 ordinandi.
1039 1001 1056 1035 »
1077 973 1130 1040 Ci.
1153 998 1226 1062 cap.
1255 975 1343 1040 Cum

218 1085 376 1168 quidam,
396 1083 433 1167 8,
456 1085 531 1152 eod.
552 1086 606 1152 tit.
1172 1079 1174 1084 ¹

262 1199 298 1262 2⁰
317 1197 444 1264 Contra
473 1201 672 1266 ordinatos:
698 1200 729 1265 l.
755 1201 840 1266 Jure
869 1202 1105 1286 decretalium,
1132 1203 1280 1268 ordinati
1308 1206 1343 1268 in

216 1313 320 1376 sacris
347 1321 444 1377 cetra
474 1321 626 1400 tempora
656 1313 884 1402 puniebantur
909 1337 1009 1403 poena
1038 1316 1272 1403 suspensionis
1300 1317 1342 1382 ab

216 1425 392 1492 ordinibus
411 1427 529 1492 illicite
552 1428 714 1516 receptis,
736 1435 775 1493 ut
799 1436 934 1495 constat
957 1429 1064 1494 relato
1087 1452 1161 1518 cap.
1182 1429 1286 1514 Sane,
1309 1439 1343 1497 et

216 1540 275 1605 eit.
297 1562 371 1628 cap.
395 1541 483 1606 Cum
506 1543 674 1628 quidam,·
696 1565 816 1608 verum
841 1541 983 1608 dubium
1006 1549 1079 1608 erat
1101 1549 1217 1609 utrum
1241 1567 1342 1633 poena

217 1659 307 1718 esset
332 1654 422 1738 late,
444 1677 490 1719 an
507 1656 657 1740 ferendae
679 1656 896 1737 sententiae¹3
918 1695 962 1706 —
981 1657 1013 1722 2.
1035 1657 1120 1722 Jure
1145 1681 1244 1742 novo,
1270 1659 1342 1724 haec

216 1768 448 1834 controversia
463 1768 631 1857 dirempta
649 1777 713 1852 est,
731 1775 766 1834 et
785 1754 819 1833 hi
839 1769 952 1836 cleriei
970 1771 1082 1858 puniti
1100 1779 1182 1836 sunt
1201 1795 1342 1861 suspen-

217 1881 312 1946 sione
340 1882 414 1946 latae
439 1883 609 1948 sententie
635 1883 678 1948 ab
704 1883 821 1949 ordine
848 1883 937 1949 male
963 1891 1137 1972 suscepto,
1164 1908 1207 1950 ex
1231 1886 1283 1951 Pii
1310 1886 1340 1952 ll

215 1993 310 2060 bulla
335 1995 423 2060 Cum
446 2019 487 2060 ec
510 2019 703 2081 sacrorum,
731 1996 772 2062 15
796 1997 865 2064 kal.
887 1997 961 2064 dec.
984 1997 1108 2080 146123
1135 2036 1178 2048 -
1202 2000 1234 2067 3.
1260 2001 1341 2066 lure

216 2109 403 2174 novissimo
422 2131 484 2174 seu
498 2108 674 2193 hodierno,
692 2111 763 2176 haec
782 2134 881 2199 poena
898 2113 972 2178 tatae
990 2113 1161 2178 sententie
1180 2116 1338 2198 cessavit,

216 2231 335 2313 utpote
354 2245 424 2290 non
443 2223 551 2290 relata
570 2227 606 2291 in
626 2227 680 2292 Pii
699 2226 747 2291 IX
765 2234 875 2293 const.
897 2227 1100 2313 Apostolicae
1117 2227 1224 2294 Sedis.

261 2453 328 2523 98.
345 2491 389 2502 -
406 2455 465 2522 De
483 2453 652 2522 indultis
670 2459 782 2522 extra
801 2460 992 2542 tempora.
1008 2491 1052 2504 -
1070 2454 1146 2520 Non
1167 2477 1241 2520 raro
1261 2479 1339 2520 con-

216 2588 311 2631 cessa
330 2573 410 2632 sunt
429 2573 489 2632 aut
507 2553 739 2632 conceduntur
758 2591 777 2633 a
792 2565 916 2633 Sancta
930 2567 1017 2633 Sede
1036 2567 1185 2650 indulta,
1202 2570 1238 2634 vi
1256 2593 1340 2658 quo·
1373 2545 1375 2554 Ι

216 2702 292 2744 rum
310 2679 446 2745 ordines
466 2681 553 2745 sacri
571 2679 643 2769 (vel
658 2680 761 2746 etiam
780 2681 941 2762 minores,
954 2681 983 2744 si
995 2681 1164 2746 ordinatio
1179 2682 1224 2748 sit
1238 2705 1341 2768 gene·

215 2791 311 2880 ralis)
323 2792 468 2858 conferri
486 2793 639 2882 legitime
658 2794 793 2882 possint
806 2802 903 2859 extra
920 2801 1089 2880 tempora,
1104 2817 1228 2884 nempe
1243 2803 1339 2861 extra

215 2929 277 2972 sex
296 2905 438 2972 sabbata
457 2913 597 2973 statuta.
619 2945 663 2957 -
687 2907 738 2972 De
758 2907 883 2996 quibus
907 2908 1049 2973 indultis
1073 2908 1145 2973 haec
1169 2909 1336 2976 dicenda:

261 3024 294 3084 1⁰
319 2999 500 3086 Decretum
525 3021 714 3087 Innocentii
740 3021 814 3086 XII
836 3022 876 3085 de
904 3044 1023 3087 eorum
1053 3024 1280 3088 moderatione
1308 3035 1340 3089 et

216 3136 501 3220 interpretatione.
530 3173 575 3184 -
603 3136 666 3200 Die
696 3136 737 3200 lt
766 3135 839 3202 dec.
868 3136 948 3200 anni
978 3135 1080 3218 1693,
1112 3137 1339 3225 Congregatio

215 3249 370 3336 specialis
390 3249 433 3314 ab
448 3249 646 3315 Innocentio
661 3249 725 3314 Xll
740 3248 917 3337 deputata,
935 3249 978 3315 ad
996 3250 1241 3316 moderandum
1261 3275 1339 3316 con-

215 3364 405 3429 cessionem
424 3370 459 3428 et
476 3387 578 3429 usum
600 3363 811 3429 indultorum
834 3372 931 3429 estre
956 3371 1124 3450 tempora,
1146 3364 1282 3431 decreta
1301 3373 1340 3430 ut

216 3478 371 3566 sequitur
389 3477 521 3543 edidit:
1015 3547 1017 3550 ,

260 3615 291 3656 a.
310 3591 361 3657 De
380 3593 489 3657 causis
502 3597 642 3680 propter
655 3613 741 3680 quas
760 3590 935 3680 impetrari
949 3590 1082 3679 possint
1095 3591 1336 3658 haeeindulta:

216 3703 398 3772 «Censuit
428 3705 563 3771 indulta
595 3704 807 3794 hujusmodi,
837 3705 867 3770 si
899 3703 1122 3770 Sanctissimo
1155 3707 1336 3794 placuerit,

214 3819 354 3884 concedi
376 3841 477 3908 posse
505 3841 547 3884 ex
570 3819 681 3885 causis
710 3817 949 3906 infrascriptis,
978 3818 1164 3886 videlicet:
1190 3820 1237 3887 Ut
1263 3821 1339 3908 quis

214 3931 421 4000 beneficio...
446 3932 540 4022 quod
564 3933 733 4022 possidet,
761 3931 817 3998 vel
844 3932 1040 4021 capellaniae
1068 3934 1112 3999 ad
1139 3934 1246 4000 vitam
1275 3933 1340 3998 sibi

244 4135 253 4168 ¹
272 4135 311 4185 Cf.
332 4135 499 4194 Thesaurus,
522 4135 559 4184 De
573 4133 678 4199 poenis,
698 4144 728 4182 v⁰
748 4134 835 4194 Ordo,
856 4150 879 4184 c.
900 4149 953 4195 xiv,
977 4135 1019 4184 ed.
1041 4135 1158 4196 Giraldi,
1181 4151 1208 4199 p.
1229 4140 1287 4194 ³17;
1307 4163 1339 4172 -

213 4213 330 4272 Gir-aldi,
346 4217 415 4277 part.
432 4212 470 4271 11,
487 4215 554 4263 sect.
570 4228 630 4272 xcv,
646 4228 674 4276 p.
690 4217 745 4262 946.

243 4291 255 4326 ¹
271 4291 343 4342 Butt.
359 4292 444 4350 Rom„
460 4295 480 4342 t.
495 4307 535 4351 m,
551 4295 621 4356 part.
635 4298 663 4352 3,
679 4307 705 4355 p.
722 4297 777 4341 109.
