3246 5052
267 529 310 576 DE
331 525 460 576 RlTlBUS
480 525 735 575 ESSENTthlBUS
751 526 1005 576 cantuariorum
1025 525 1181 576 altitonus!
1240 524 1292 576 525

166 673 198 736 2.
215 672 264 735 De
281 670 382 750 lacte,
400 691 519 733 omnes
535 669 663 748 formae,
679 691 764 756 quas
779 668 935 733 adhibuit
950 676 1008 733 aut
1024 668 1162 733 adhibet
1179 669 1294 734 Eccle-

166 786 214 850 sia
235 787 268 848 in
289 783 471 848 collatione
493 784 595 847 trium
611 783 730 846 horum
751 783 920 862 ordinum,
939 784 1011 848 sive
1030 784 1120 870 apud
1140 783 1292 864 LatinoS,

167 901 237 963 sive
258 899 349 987 apud
368 898 506 962 Graecos
522 905 556 962 et
572 896 775 976 OrientaleS,
793 897 970 962 continent
986 921 1181 984 expressam
1198 921 1294 962 men-

168 1015 295 1079 tionem
321 1012 449 1076 ordinis
471 1011 607 1090 eollati,
637 1011 773 1075 nomine
806 1011 936 1076 scilicet
961 1013 1105 1096 proprio
1135 1011 1293 1099 (nempe,

167 1129 382 1207 diaconatus,
417 1126 649 1213 episcopatuo,
685 1127 765 1214 etc.)
797 1125 851 1189 vel
885 1127 1104 1212 aequivalente
1134 1126 1292 1213 (nempe,

167 1265 227 1330 pro
256 1241 454 1320 diaconatu,
483 1240 727 1322 ministerium,
762 1247 845 1319 etc.;
868 1263 929 1327 pro
962 1241 1176 1327 episcopatu,
1205 1263 1296 1304 aum-

170 1379 264 1420 mum
292 1356 535 1436 sacerdotium,
561 1354 711 1438 dipnitas
738 1355 962 1439 pontificalia,
995 1355 1175 1418 sacerdotii
1200 1377 1296 1418 eum-

170 1493 240 1554 ma,
263 1469 358 1556 etot·
381 1469 420 1532 In
439 1490 507 1532 una
531 1475 664 1532 tantum
691 1467 812 1550 forma,
836 1491 957 1556 nempe
983 1469 1089 1533 forma
1115 1467 1296 1555 presbyte-

170 1591 263 1649 ratus
282 1585 316 1647 in
338 1582 607 1648 Sacramentario
632 1581 826 1667 Serapionis
846 1606 948 1670 supra
968 1583 1090 1664 relata,
1113 1559 1180 1646 non
1202 1605 1296 1669 repe-

171 1700 254 1763 ritur
274 1697 402 1762 ordinis
422 1696 536 1760 collati
557 1696 685 1759 mentio
704 1719 872 1781 cepresea,
891 1696 950 1760 sed
966 1703 1101 1760 tantum
1118 1697 1293 1782 implicita,

170 1836 244 1899 quae
264 1820 380 1877 tamen
401 1809 542 1888 sufficit,
564 1833 606 1874 ex
626 1809 742 1874 statim
762 1810 925 1875 dicendis.

213 1926 249 1990 2⁰
269 1927 345 1990 Non
365 1924 547 2011 requiritur
568 1931 604 1988 ut
626 1923 732 1988 forma
752 1924 923 1989 contineat
942 1948 1135 2010 capreosam
1156 1927 1300 1990 mentio-

171 2063 248 2104 nem
274 2039 402 2103 ordinis
425 2039 557 2110 eollati,
580 2038 640 2101 sed
665 2037 789 2102 suflicit
813 2046 851 2102 ut
875 2038 975 2126 hujus
1000 2039 1128 2103 ordinis
1156 2041 1299 2124 implici-

172 2165 258 2232 tam,
288 2153 471 2217 dummodo
500 2161 644 2234 certam,
675 2152 881 2231 mentionem
911 2152 1080 2217 exhibeat.
1110 2192 1153 2201 —
1183 2153 1300 2218 Potest

172 2268 263 2332 enim
283 2266 364 2330 ordo
385 2267 557 2353 designari
577 2265 630 2330 vel
651 2289 710 2352 per
734 2289 857 2330 nomen
882 2267 1055 2354 proprium
1082 2267 1299 2355 (expressum

172 2389 231 2446 aut
256 2380 480 2469 aequivalens,
507 2385 545 2444 ut
572 2381 700 2444 dictum
727 2381 814 2466 est),
841 2381 896 2444 vel
922 2403 983 2466 per
1008 2387 1214 2468 potestatem
1240 2381 1299 2445 ali-

173 2518 274 2583 quam
303 2517 378 2582 quie
408 2495 458 2558 illi
485 2493 658 2558 exclusive
686 2501 856 2558 reservata
886 2493 948 2575 sit,
978 2495 1033 2558 vel
1062 2517 1122 2582 per
1151 2494 1300 2581 aliquam

173 2611 317 2694 liguram
337 2615 395 2672 aut
410 2608 643 2694 metaphoram
659 2615 718 2671 aut
732 2607 991 2672 similitudinem
1006 2630 1081 2695 quae
1096 2609 1194 2672 illum
1210 2615 1301 2672 certo

173 2723 363 2809 significet;
384 2743 597 2809 quocumque
617 2729 731 2785 autem
752 2720 851 2784 modo
872 2721 953 2785 ordo
973 2722 1198 2787 conferendus
1213 2721 1299 2786 desi-

174 2843 298 2922 gnatus
324 2835 404 2916 fuit,
432 2836 460 2898 si
484 2841 575 2898 certo
603 2842 636 2898 et
663 2835 887 2899 determinate
915 2835 1124 2921 designetur,
1152 2835 1297 2910 sullicit;

176 2957 255 3014 tunc
275 2950 365 3014 enim
385 2949 470 3013 nihil
490 2948 586 3014 deest
605 2949 647 3013 ad
668 2949 742 3028 hoc,
761 2959 799 3014 ut
818 2950 970 3030 materia,
989 2973 1109 3038 nempe
1130 2950 1301 3038 impositio

177 3087 354 3144 manuum,
388 3064 612 3128 determinata
644 3064 688 3128 sit
719 3063 762 3127 ad
793 3064 882 3128 hunc
914 3064 1066 3128 ordinem
1099 3065 1237 3152 praecise
1268 3072 1301 3128 ct

175 3179 347 3243 exclusive
368 3178 640 3266 significandum.
663 3179 800 3242 -Hoc
825 3178 926 3242 modo
952 3179 1159 3242 mentionem
1186 3179 1301 3264 impli-

176 3295 298 3377 citam,
335 3293 395 3357 sed
428 3302 576 3374 certam,
611 3293 739 3356 ordinis
773 3293 887 3357 collati
922 3293 1073 3356 continet
1106 3293 1299 3379 supradicta

176 3411 291 3491 forma
310 3405 566 3493 presbyteratus
585 3406 619 3469 in
641 3405 909 3471 Sacramentario
934 3406 1149 3492 Serapionis;
1172 3429 1299 3471 memo-

179 3527 230 3585 rat
249 3521 339 3584 enim
358 3527 427 3584 tres
447 3527 633 3608 potestates
652 3520 754 3608 hujus
779 3521 923 3600 ordinis,
946 3543 1067 3606 nempe
1092 3519 1303 3606 gubernandi

179 3635 342 3722 populum
373 3633 546 3714 fidelem¹,
580 3634 782 3722 praedicandi
812 3633 953 3698 verbum
984 3633 1062 3714 Dei,
1094 3643 1127 3698 ct
1156 3635 1303 3699 reconci-

178 3745 284 3811 liandi
309 3755 503 3834 peccatores
529 3770 607 3812 cum
634 3749 724 3828 Deo,
753 3747 813 3812 sed
840 3747 918 3836 quia
945 3747 996 3810 hae
1022 3756 1091 3813 tres
1116 3754 1304 3835 potestates

179 3883 274 3948 aeque
303 3862 475 3948 pertinent
502 3863 544 3928 ad
570 3864 654 3927 duos
681 3862 833 3940 ordines,
862 3885 983 3948 nempe
1011 3863 1244 3950 episcopatum
1271 3870 1305 3927 et

181 3973 469 4062 presbyteratum,
491 3977 643 4065 pontilex
663 3975 824 4040 ordinans
843 3976 959 4040 statim
984 3976 1134 4040 excludit
1158 3977 1304 4064 priorem

180 4088 349 4169 ordinem,
367 4088 401 4152 in
423 4113 461 4154 eo
481 4090 571 4178 quod
591 4090 742 4154 conferat
761 4089 966 4154 ordinandos
986 4112 1063 4153 cum
1083 4089 1151 4152 illis
1171 4095 1304 4176 septua-

212 4261 219 4293 ¹
241 4261 297 4310 Hac
312 4264 383 4310 enim
398 4265 480 4310 aetete
494 4261 637 4323 collegium
653 4259 875 4323 presbyterorum
891 4274 952 4308 cnm
969 4260 1097 4321 episcopo
1113 4273 1203 4306 curam
1220 4259 1293 4306 eccle

182 4340 227 4384 sia·
243 4341 362 4396 gerebat.
