3316 5052
448 497 493 546 DE
512 461 773 558 dRAEREQUiSl'HS
792 499 836 548 ΑΙ)
855 498 1106 550 onulnanonan
1290 496 1341 548 307

142 633 145 638 ⁸
215 661 316 727 posse
336 639 533 726 contingere
557 663 690 721 casum,
712 641 747 704 in
770 665 838 730 quo
861 640 1047 727 publicatio
1071 650 1167 708 tanta
1191 642 1341 730 paritura

216 754 262 818 sit
280 753 511 835 incommoda,
527 760 566 818 ut
581 755 700 819 merito
716 755 792 842 quis
807 754 941 820 dubitet
955 778 1037 820 num
1052 756 1088 820 in
1103 757 1156 821 his
1171 756 1341 844 adjunctis

215 867 270 932 lex
290 867 350 932 illa
374 867 526 954 obliget:
549 869 671 956 quoin
696 891 775 933 casu
799 869 997 957 episcopum
1020 893 1121 957 posse
1145 871 1341 959 dispensare

214 979 393 1046 indubium
413 981 495 1046 mihi
514 982 661 1048 videtur.

348 1307 408 1375 ΙΙΙ.
436 1309 487 1374 Du
510 1330 673 1376 scaurnuo
697 1329 916 1376 cunrnonnn
940 1331 971 1375 ιιι
996 1331 1209 1377 ono1nsrrons

577 1445 702 1490 nnconr
726 1445 765 1488 rr
790 1444 977 1490 rnrsaursnr

257 1707 356 1778 120.
371 1749 415 1756 —
431 1709 606 1777 Tertium
622 1710 859 1778 scrutinium
874 1728 982 1777 mere
997 1710 1282 1778 caeremoniale.
1296 1749 1340 1760 -

214 1823 341 1888 Praeter
366 1823 433 1888 duo
460 1823 652 1910 supradicta
681 1824 867 1904 scrutinia,
888 1847 964 1912 quae
992 1825 1188 1912 praescripta
1216 1831 1295 1890 sunt
1321 1847 1340 1888 a

213 1937 356 2004 concilio
387 1936 602 2018 Tridentino,
635 1945 825 2002 memorant
858 1937 1013 2002 doctores
1046 1938 1184 2003 tertium
1218 1939 1340 2004 scruti-

213 2051 323 2131 nium,
350 2052 440 2140 quod
465 2051 504 2116 fit
526 2051 562 2116 in
588 2051 663 2138 ipso
685 2059 764 2116 actu
790 2051 1031 2133 ordinationis,
1058 2060 1093 2116 et
1116 2052 1219 2117 habet
1243 2039 1350 2140 quasi¹

212 2164 298 2230 duas
316 2173 456 2252 partes:

258 2282 292 2344 Ιο
312 2277 412 2344 Initio
436 2277 661 2346 ordinationis
685 2279 758 2344 sive
782 2279 915 2344 diaconi
939 2281 1012 2344 sive
1035 2279 1244 2368 presbyteri,
1271 2282 1340 2368 epi-

211 2416 336 2480 scopus
354 2391 508 2479 postulat
526 2391 568 2456 ab
587 2391 836 2473 archidiacono,
854 2415 936 2458 num
954 2393 990 2457 hi
1009 2393 1136 2475 cleriei,
1151 2417 1238 2482 quos
1255 2417 1339 2482 prae-

212 2514 338 2572 sentat
363 2507 405 2572 ad
442 2506 659 2572 diaconatum
696 2506 751 2572 vel
789 2506 1078 2594 presbyteratum,
1115 2508 1184 2572 sint
1217 2507 1337 2594 dig-ui:

212 2649 229 2682 «
252 2621 326 2686 Seis
355 2620 432 2684 illos
461 2620 584 2708 dignos
612 2623 710 2685 esse?
732 2648 748 2682 ιι
781 2627 816 2684 et
843 2620 1026 2708 respondet
1054 2621 1337 2688 archidiaconus:

210 2762 227 2796 ιι
252 2733 426 2814 Quantum
446 2735 595 2800 humana
615 2733 781 2820 fragilitas
801 2757 902 2800 nosse
922 2734 1019 2817 sinit,
1038 2742 1072 2800 et
1090 2735 1173 2817 scio,
1191 2743 1225 2800 et
1243 2736 1339 2800 testi-

204 2850 304 2930 ticor,
318 2849 411 2935 ipsos
422 2848 545 2935 dignos
556 2871 631 2912 esse
643 2848 687 2912 ad
697 2847 797 2936 hujus
808 2871 895 2914 onus
905 2848 1018 2914 officii.
1031 2875 1047 2909 ιι
1060 2847 1158 2926 Quod
1171 2857 1223 2942 est
1235 2850 1339 2914 vesti-

209 2963 305 3049 gium
322 2964 471 3050 antiquio
488 2961 693 3050 disciplina,
708 2961 810 3049 juxta
829 2985 932 3050 quam
950 2963 1208 3028 archidiaconus
1222 2985 1338 3028 curam

208 3076 349 3162 gerebat
368 3076 649 3157 ordinandorum,
672 3099 797 3164 eosque
817 3084 1024 3164 pauperatos
1044 3075 1208 3142 offerebat
1226 3078 1339 3166 ponti·

209 3189 296 3257 ficit
317 3229 362 3238 —
381 3191 504 3272 Porro,
522 3191 622 3279 juxta
642 3195 794 3272 omnes³,
818 3190 872 3256 hic
896 3198 949 3255 est
971 3189 1072 3256 hodie
1096 3213 1209 3256 merus
1232 3191 1334 3273 ritus,

208 3311 244 3370 et
266 3303 522 3370 archidiaconus
546 3305 721 3392 praefatam
745 3305 1000 3372 attestationem
1026 3305 1181 3371 emittere
1204 3286 1334 3393 potest,

209 3417 286 3482 licet
314 3419 437 3484 nesciat
468 3419 674 3484 ordinandos
703 3441 818 3483 revera
843 3441 910 3482 osse
935 3419 1078 3503 diqnos,·
1103 3419 1150 3482 ita
1176 3441 1336 3507 expresse

207 3531 451 3619 interpretatur
474 3531 693 3598 Innocentius
712 3531 777 3612 ΙΙΙ,
799 3555 873 3620 cap.
896 3532 953 3596 Ec
971 3541 1087 3618 parte,
1112 3531 1147 3614 Ι,
1170 3533 1221 3598 Da
1240 3553 1335 3600 sonu-

207 3665 295 3712 rnuo
314 3667 344 3710 ιιι
365 3667 482 3714 onnrns
505 3665 672 3712 reclauso.
700 3646 736 3712 Si
761 3653 875 3712 tamen
899 3655 989 3712 certo
1015 3647 1144 3712 noverit
1168 3647 1259 3714 hunc
1284 3649 1335 3712 vel
1440 3701 1444 3710 ,

207 3759 309 3824 illum
327 3783 393 3824 esse
414 3761 607 3846 indiacum,
629 3783 698 3826 non
717 3767 831 3847 potest
848 3759 943 3826 illam
963 3761 1217 3826 attestationem
1237 3763 1333 3827 emit·
1408 3851 1412 3858 ι

206 3879 298 3953 tere3
315 3874 376 3938 sed
390 3881 537 3956 tenetur,
554 3882 634 3940 ante
649 3875 739 3940 diem
754 3873 989 3956 ordinationis,
1005 3895 1078 3940 rem
1092 3880 1209 3939 notam
1223 3874 1333 3940 facere

207 3986 384 4074 episcopo;
406 3988 452 4052 ita
477 3989 579 4054 etiam
604 3988 841 4069 Innocentius,
867 3987 1007 4075 praefato
1031 4011 1105 4076 cap.
1132 3989 1189 4054 Ex
1209 3999 1333 4076 parte,

238 4215 247 4247 ¹
265 4215 304 4264 Cf.
322 4213 432 4274 imiter,
448 4216 499 4265 loc.
514 4216 570 4274 eit,
586 4231 610 4266 c.
627 4233 659 4275 n,
675 4220 725 4265 art.
740 4222 762 4273 ¹2,
779 4215 831 4264 ool.
847 4219 890 4264 201
907 4231 948 4278 sq.

237 4291 249 4326 ²
266 4292 305 4342 Cs.
321 4293 496 4342 Benedictum
513 4295 586 4354 XIV,
603 4295 640 4342 De
654 4295 775 4356 synodo,
791 4295 838 4343 lib.
853 4295 885 4352 V,
902 4309 925 4342 c.
944 4309 984 4351 in,
1001 4307 1027 4340 n.
1042 4297 1064 4341 t.
