3246 5052
569 1297 783 1378 CAPUT
823 1296 886 1375 IV

280 1732 326 1783 DE
356 1731 594 1783 REPARANDIS
622 1729 912 1784 OthanTlONt'M
944 1729 1173 1782 DEFECTIBUS

208 2302 302 2368 294.
323 2339 366 2347 -
381 2299 549 2368 Praevia.
570 2339 613 2347 —
636 2303 666 2364 ·l.
694 2300 781 2364 Sunt
806 2299 958 2362 deiectus
978 2295 1101 2384 quibus
1116 2297 1291 2380 periclita-

164 2424 221 2478 tur
242 2417 312 2499 ipsa
333 2414 488 2478 validitas
513 2414 750 2498 ordinationis,
774 2435 896 2499 nempe
921 2410 1057 2498 quando
1079 2410 1166 2474 ritus
1186 2411 1290 2474 omis-

162 2553 220 2593 sus
242 2529 308 2616 (vel
329 2527 431 2593 dubie
450 2527 600 2616 positus)
622 2534 673 2592 est
692 2537 782 2591 certo
807 2525 863 2592 vel
878 2524 1108 2611 probabiliter
1127 2525 1291 2588 essentia-

162 2644 217 2725 lis,
235 2644 335 2730 juxta
360 2643 472 2706 varias
492 2642 669 2728 opiniones
696 2665 809 2729 supra,
841 2641 876 2704 in
904 2663 978 2727 cap.
1006 2661 1024 2702 n
1052 2645 1085 2702 et
1109 2659 1159 2718 nr,
1186 2661 1291 2724 expo-

162 2759 246 2822 sitas
273 2758 313 2820 de
342 2754 463 2820 ritibus
495 2755 734 2820 essentialibus
764 2754 1038 2830 ordinationum;
1068 2752 1102 2815 hi
1126 2759 1292 2816 vocantur

162 2871 314 2937 desectus
339 2871 544 2952 essentiales,
568 2877 659 2934 certo
684 2869 738 2932 vel
764 2867 1001 2956 probabiliter3
1025 2875 1105 2931 sunt
1125 2865 1182 2929 alii
1201 2865 1291 2930 dese-

161 2995 236 3051 ctus
257 2984 397 3072 quibus,
420 2985 454 3048 in
479 2991 554 3048 tuto
577 2984 689 3070 posita
714 2982 937 3047 ordinationis
961 2981 1153 3062 validitate,
1179 2981 1291 3065 deficit

162 3101 339 3185 inteqritas
375 3099 523 3181 rituum,
557 3120 643 3183 quos
673 3097 881 3183 praescripsit
913 3095 1077 3176 Ecclesia,
1111 3119 1144 3158 v.
1178 3119 1227 3182 g.‚
1261 3095 1290 3158 si

161 3213 339 3276 omittatur
371 3211 543 3300 impositio
577 3211 873 3290 indumentorum,
907 3209 1046 3288 casulae,
1080 3207 1286 3286 dalmaticae,

161 3327 297 3405 tunicae,
320 3325 428 3406 stolae,
450 3333 531 3404 etc.;
554 3333 634 3390 sunt
654 3325 687 3388 hi
706 3325 858 3388 defectus
878 3323 1108 3387 accidentales.

205 3441 238 3504 2.
267 3439 303 3504 Si
332 3447 452 3526 agatur
481 3440 522 3503 de
547 3439 680 3503 defectu
708 3438 886 3520 essentiali,
918 3459 1052 3523 semper
1085 3443 1119 3499 et
1149 3435 1287 3498 omnino

160 3554 368 3641 reparandus
388 3561 452 3634 est,
475 3554 547 3617 sive
568 3553 611 3616 sit
631 3561 720 3616 certo
740 3551 944 3630 essentialia
963 3548 1053 3636 quod
1072 3549 1202 3612 clarum
1221 3555 1284 3626 est,

161 3669 232 3732 sive
259 3668 361 3732 etiam
393 3668 438 3732 sit
464 3674 597 3731 tantum
619 3667 849 3752 probabiliter
872 3663 1075 3728 essentialis
1111 3701 1152 3710 -
1186 3662 1286 3727 Ratio

161 3767 350 3846 desumitur
369 3805 410 3844 ex
430 3781 564 3867 magnis
589 3788 623 3844 et
648 3779 837 3843 innumeris
862 3778 960 3842 malis
987 3799 1061 3864 quar
1084 3775 1180 3863 sequi
1207 3783 1286 3838 nata

160 3903 239 3961 sunt
260 3919 299 3958 ex
321 3895 470 3959 invalida
495 3893 724 3972 ordinatione3
746 3916 824 3958 cum
843 3915 922 3977 ergo
943 3890 1101 3954 illicitum
1126 3889 1171 3954 sit
1190 3889 1286 3977 sequi

159 4010 353 4096 opinionem
369 4007 580 4096 probabilem
595 4008 636 4071 de
650 4007 764 4071 valore
781 4005 996 4084 sacramenti,
1014 4004 1130 4068 relicta
1146 4004 1282 4084 tutiore,

159 4123 210 4188 uti
229 4123 378 4187 decrevit
398 4121 617 4186 Innocentius
636 4121 681 4184 xl
694 4125 714 4200 ¹,
738 4145 756 4184 a
777 4120 906 4184 fortiori
922 4119 955 4182 id
971 4117 1152 4183 dicendum
1172 4123 1225 4182 est
1243 4115 1285 4180 de

191 4325 199 4357 ¹
219 4325 373 4387 Propositio
396 4325 405 4372 l
430 4325 501 4373 inter
523 4325 665 4372 damnatas
689 4325 723 4370 nb
749 4323 907 4370 linior-ontio
932 4321 982 4379 xl,
1002 4321 1045 4368 dir
1066 4325 1077 4367 t
1100 4320 1189 4368 martii
1211 4324 1283 4377 1679,

266 4437 345 4470 siem
360 4437 478 4471 onnrnnr.
1108 4415 1141 4467 36
