3246 5052
365 485 417 538 580
704 485 747 534 DE
765 483 895 534 RthBUS
914 482 1152 532 onninamente

366 631 401 696 S.
423 629 651 716 Congregatio
676 627 828 692 extendit
852 626 895 691 ad
919 627 1031 690 omnia
1059 623 1200 690 sabbata
1224 627 1484 704 ordinationum,

365 746 400 810 in
420 745 635 830 Berqomen„
656 742 695 805 21
719 741 832 806 martii
854 739 955 820 titt,
978 740 1021 804 ad
1040 740 1094 820 2¹,
1116 748 1150 804 et
1176 741 1254 811 hoc,
1277 741 1357 804 licet
1376 743 1486 830 priva-

365 859 426 924 tim
453 865 586 922 tantum
610 857 789 944 episcopus
808 855 944 918 ordines
972 853 1139 932 conferat,
1169 861 1203 918 et
1233 878 1301 919 non
1331 855 1487 920 obstante

364 973 532 1038 contraria
555 969 817 1049 consuetudine,
844 977 882 1033 ut
909 969 1027 1033 eadem
1047 967 1081 1033 S.
1105 968 1230 1055 Congr.
1253 970 1442 1036 declaravit
1456 971 1486 1033 in

363 1088 543 1164 Feaulana,
567 1088 604 1149 11
624 1084 707 1150 febr.
728 1085 849 1163 1764st
868 1083 920 1146 his
940 1106 1021 1170 ergo
1040 1083 1198 1148 omnibus
1218 1083 1382 1164 sabbatis,
1399 1108 1487 1149 sem-

364 1225 424 1289 per
452 1201 518 1265 dici
548 1199 648 1263 debet
676 1198 781 1262 missa
814 1198 854 1261 de
886 1196 979 1262 feria.
1011 1197 1056 1262 Ut
1092 1197 1195 1262 etiam
1223 1205 1317 1286 patet
1352 1223 1402 1298 en¹
1429 1199 1485 1263 cit.
1587 1195 1588 1232 i

365 1316 549 1398 Conchen.,
571 1311 710 1402 praeiata
730 1313 833 1376 missa
852 1310 978 1376 serialis
993 1334 1060 1374 non
1076 1311 1226 1376 admittit
1246 1335 1487 1378 commemora·
1587 1359 1588 1370 .

363 1430 491 1494 tionem
510 1427 627 1494 Sancti
651 1425 876 1506 occurrentiS,
899 1425 989 1513 quod
1010 1425 1044 1490 S.
1072 1426 1198 1510 Congr.
1220 1427 1436 1491 eontirmavit
1454 1429 1485 1491 in
1587 1419 1588 1444 *

363 1544 541 1626 Rhomen,
563 1541 605 1607 23
626 1547 713 1627 sept.
734 1539 832 1618 1885,
854 1539 897 1604 ad
917 1539 969 1604 3³.
992 1579 1035 1588 —
1055 1539 1090 1604 Si
1109 1549 1224 1604 autem
1243 1541 1411 1606 ordinatio
1431 1543 1488 1605 fiat

362 1667 459 1722 extra
480 1665 643 1741 tempora,
665 1654 788 1718 dicitur
807 1654 910 1718 missa
931 1653 973 1718 de
994 1653 1162 1718 dominica
1182 1663 1240 1720 aut
1265 1653 1349 1720 sesto
1370 1678 1487 1720 occur-

363 1779 474 1851 rente,
501 1777 540 1834 ut
568 1769 706 1833 omnino
732 1768 892 1854 supponit
917 1767 1130 1851 Pontificale,
1160 1768 1234 1832 loco
1258 1769 1331 1842 eit,
1357 1769 1486 1852 §Idem

360 1895 531 1968 servetur,·
547 1907 622 1971 quae
643 1883 747 1946 missa
764 1881 914 1946 admittit
934 1883 1289 1946 commemorationem
1309 1883 1484 1970 simpliciS,

360 2007 399 2064 ut
419 1999 542 2064 dicitur
562 1999 597 2062 in
617 1997 674 2061 cit.
694 1995 856 2060 Ithemon.

406 2237 501 2306 307.
526 2275 570 2284 -
589 2233 774 2302 Edictum
793 2233 967 2320 poenale,
987 2233 1094 2320 quod
1113 2233 1390 2322 promulgatur
1407 2236 1484 2302 ini-

360 2327 415 2420 tio
435 2349 714 2418 ordinationis.
731 2387 775 2396 -
787 2329 900 2411 Missa
916 2347 1062 2434 incepta,
1080 2355 1113 2411 et
1128 2348 1218 2412 dieto
1233 2349 1329 2432 kyrie
1348 2349 1481 2430 eleison,

359 2463 614 2530 archidiaconus
634 2461 716 2526 dicit
739 2481 746 2527 :
773 2461 945 2525 Accedant
970 2463 1164 2546 omnesqui
1186 2463 1367 2526 ordinandi
1390 2473 1481 2541 aunt,

359 2602 457 2666 quoe,
480 2577 514 2640 in
534 2567 651 2640 charta
671 2575 872 2662 descriptos,
894 2575 1096 2639 nominatim
1115 2581 1215 2638 vocat
1235 2575 1395 2640 Notarius
1416 2576 1483 2663 epi-

359 2692 465 2779 scopi,
487 2712 690 2778 unoquoque
707 2688 956 2776 respondente:
978 2689 1124 2753 Adsum.
1149 2689 1271 2752 Postea
1291 2690 1480 2776 episcopus,

353 2805 453 2894 juxta
479 2803 688 2888 Pontificate,
719 2803 773 2868 tit.
806 2803 858 2866 Da
882 2823 1050 2868 oammnrs
1074 2823 1304 2884 (torennensis,
1333 2804 1482 2892 «palam

358 2919 529 2984 interdicit
548 2941 608 3005 per
626 2939 734 2981 unum
754 2939 795 2980 ex
816 2917 899 2998 suia,
917 2915 980 2980 sub
997 2915 1049 2980 his
1069 2915 1203 2981 verbis:
1226 2918 1481 2983 Reverendissi-

358 3063 433 3104 mus
449 3037 483 3101 in
499 3037 635 3102 Christo
656 3037 769 3116 Pater,
791 3042 856 3100 etc.
876 3062 892 3094 n
913 3033 1012 3112 Quod
1031 3035 1179 3099 edictum
1199 3037 1265 3100 duo
1286 3038 1481 3125 complecti-

358 3161 413 3217 tur
442 3171 449 3216 :
482 3151 512 3217 i.
540 3151 590 3216 Ne
619 3150 695 3238 quis
724 3149 920 3235 irregularis
945 3157 1003 3213 aut
1029 3149 1113 3214 alias
1140 3151 1332 3237 prohibitus
1361 3153 1481 3217 audeat

390 3355 398 3388 ¹
416 3355 529 3402 Decreta
544 3353 630 3410 auth„
647 3369 673 3402 n.
690 3359 764 3412 2³75,
780 3356 799 3402 t.
817 3353 847 3411 ιι,
864 3368 890 3415 p.
907 3357 945 3400 85.

388 3435 398 3467 ²
415 3433 497 3491 ibid„
513 3449 539 3482 n.
556 3437 629 3492 2473,
646 3437 665 3481 t.
683 3449 712 3490 ιι,
729 3447 755 3496 p.
773 3437 826 3480 127.

389 3512 495 3569 ⁸Ibt'd.,
516 3527 542 3560 n.
558 3515 633 3570 3642,
655 3514 673 3560 t.
691 3527 730 3569 ιιι,
752 3525 777 3573 p.
795 3515 848 3558 175.
865 3537 895 3546 -
912 3509 959 3557 Illa
980 3513 1069 3558 eutem
1088 3507 1235 3573 suffragia,
1257 3511 1290 3558 de
1310 3511 1409 3574 quibus
1428 3515 1480 3576 agit

357 3591 384 3639 S.
401 3589 496 3652 Congr.
513 3591 539 3638 in
555 3590 600 3638 cit.
618 3589 762 3647 Conchen„
780 3592 844 3637 sunt
858 3589 911 3636 illie
926 3590 1062 3637 orationes
1077 3589 1117 3652 (v.
1133 3605 1167 3651 g,
1184 3590 1210 3636 in
1226 3589 1349 3645 Quutuor
1363 3591 1479 3655 Tempo-

357 3670 432 3717 ribus
447 3669 623 3730 septembris,
639 3669 727 3716 oratio
741 3669 762 3715 A
779 3667 884 3715 cunctis
899 3672 926 3714 et
941 3667 992 3714 alia
1008 3667 1041 3714 ad
1057 3667 1190 3732 libitum),
1202 3681 1268 3730 quas
1283 3670 1391 3718 recitari
1403 3671 1481 3732 J'ubet

356 3747 465 3796 Missaie
484 3748 511 3794 in
526 3747 647 3809 prietatis
663 3747 751 3793 missis
771 3749 834 3808 post
851 3745 1001 3794 orationem
1016 3745 1107 3793 Missae
1122 3747 1188 3803 diei,
1205 3751 1233 3794 ct
1246 3761 1307 3808 qun¹
1322 3748 1384 3796 ideo
1399 3749 1426 3796 in
1440 3749 1481 3796 his

357 3827 458 3883 missis,
484 3826 510 3872 in
532 3825 674 3888 quibusvis
696 3823 925 3884 ordinationibus,
949 3839 1057 3886 semper
1076 3825 1221 3873 recitandae
1246 3829 1323 3884 sunt,
1348 3831 1380 3875 ut
1400 3827 1481 3875 habet

352 3907 437 3954 etiam
458 3904 485 3952 S.
501 3904 597 3965 Congr.
614 3904 640 3950 in
662 3905 790 3962 Cane-en,
812 3909 824 3950 2
841 3903 911 3964 junii
932 3907 1005 3960 188³,
1022 3903 1055 3950 ad
1074 3907 1101 3960 9,
1122 3903 1236 3952 Decreta
1255 3905 1341 3962 auth„
1363 3921 1390 3954 n.
1406 3911 1479 3960 35ἳ6,

355 3987 377 4034 t.
393 4000 433 4042 ιιι,
449 3999 476 4046 p.
493 3985 546 4030 tit.
563 3981 700 4030 -Oratio
718 3985 807 4030 autem
824 3997 873 4044 pro
888 3981 1057 4040 ordinandis,
1074 3997 1153 4043 quam
1170 3983 1276 4030 recitari
1292 3983 1374 4045 jubet
1388 3983 1481 4033 Ponte

355 4062 433 4126 ficate
449 4063 505 4124 (tit.
522 4061 559 4108 De
579 4059 752 4109 ordinatione
771 4059 892 4118 diaconi,
911 4061 1012 4122 initio),
1025 4060 1147 4122 jungitur
1166 4061 1217 4108 sub
1236 4077 1289 4109 una
1307 4063 1482 4111 conclusione

356 4140 476 4190 orationi
489 4139 577 4189 Missae
590 4138 652 4196 diei,
667 4155 764 4201 nempe
779 4139 841 4186 huic
857 4139 972 4186 orationi
988 4153 1047 4200 quae
1062 4139 1162 4186 dicitur
1172 4141 1235 4202 post
1250 4139 1377 4203 quintam
1392 4141 1482 4190 tectio·

357 4235 430 4276 nem,·
451 4219 478 4268 S.
499 4219 605 4281 Congr,
621 4219 648 4266 in
668 4217 861 4275 Ravennatem,
883 4223 911 4264 19
933 4221 1003 4279 sept.
1025 4222 1097 4276 1883,
1118 4218 1231 4266 Decreta
1249 4218 1337 4275 auth„
1358 4235 1385 4268 n.
1405 4225 1478 4276 3592,

357 4301 376 4346 t.
392 4313 432 4356 m,
449 4312 476 4360 p.
493 4302 546 4345 152.
