3300 5056
520 455 565 503 DE
583 453 745 503 SUBJEGTO
764 450 999 502 ORDINATIONIS
1270 445 1323 498 itt!

192 621 213 661 a
231 595 563 684 pseudo-ministria
587 595 708 676 Porro,
732 595 856 660 diserte
881 593 1075 658 declarante
1101 592 1253 679 Eugenio
1274 590 1320 656 lv

192 711 228 774 in
248 709 387 798 praefata
406 709 500 775 bulla
519 711 683 775 Eoeuttatc
696 710 766 774 Deo
781 731 794 774 .·
817 708 916 773 «Per
935 709 1047 794 ipsum
1063 704 1262 794 (baptisma)
1279 705 1320 770 de

193 847 334 910 corpore
346 825 683 910 efficimurEccteoiae
691 843 705 907 ‚·
722 851 737 884 a
750 822 843 910 quod
855 822 939 887 adeo
947 843 1067 886 verum
1081 829 1134 886 est
1146 827 1186 885 ut
1200 829 1320 906 postea

193 937 417 1003 declaraverit
445 938 627 1004 concilium
651 937 908 1018 Tridentinum„
934 959 1008 1023 cap.
1036 935 1074 1016 2,
1104 958 1189 1000 sess.
1226 934 1316 1014 XIV',

194 1053 247 1117 Da
266 1073 478 1134 ammonaria,
500 1075 578 1118 eum
598 1052 656 1140 qui
679 1075 748 1116 non
772 1051 899 1138 recepit
920 1049 1107 1138 baptisma,
1128 1049 1218 1135 foria
1235 1071 1318 1128 ecoe,

193 1190 256 1232 nec
287 1167 323 1232 in
349 1191 428 1232 eum
458 1167 649 1233 Ecclesiam
673 1166 744 1231 ulla
775 1165 879 1253 potiri
907 1164 1087 1252 judiciaria
1119 1170 1318 1251 potestate:

193 1307 210 1342 a
234 1281 323 1346 Cum
349 1282 516 1364 Ecclesia,
543 1281 670 1369 inquit,
697 1281 732 1344 in
759 1280 930 1345 neminem
952 1279 1121 1366 judicium
1147 1287 1321 1358 exerceat,

192 1395 253 1483 qni
268 1418 335 1460 non
350 1397 451 1481 priua
472 1397 506 1460 in
522 1397 629 1480 ipsam
644 1417 711 1480 par
728 1395 891 1480 baptismi
901 1395 1052 1480 janu-am
1069 1393 1179 1477 [uerit
1194 1393 1322 1477 inprac-

189 1531 262 1576 ωε.
295 1537 313 1570 r
343 1510 430 1576 Cum
463 1532 545 1596 crgo
581 1531 643 1596 per
676 1531 808 1574 sacram
840 1507 1091 1572 ordinationem
1125 1507 1228 1570 homo
1263 1507 1322 1570 tiat

191 1623 360 1688 Ecclesiae
376 1623 541 1707 minister,
564 1621 665 1687 debet
683 1623 777 1710 prius
795 1623 945 1710 recipera
963 1621 1185 1709 baptismum.

237 1737 328 1802 Hinc
356 1760 420 1824 pro
445 1745 536 1802 certa
563 1735 673 1801 teneri
701 1735 822 1816 debet,
852 1744 891 1800 ut
921 1735 1068 1814 videtur,
1099 1743 1215 1799 nostra
1243 1757 1321 1821 pro-

190 1850 329 1939 positio.

236 1965 271 2029 2ο
285 1964 478 2030 Solvuntur
493 1965 718 2050 difficultates
735 1987 838 2052 supra
857 1964 972 2029 relata
991 1986 1034 2028 cx
1053 1985 1128 2050 cap.
1152 1962 1321 2026 Veniens:

192 2083 224 2145 t.
243 2079 340 2144 Licet
358 2101 419 2167 per
436 2080 541 2164 fidem
559 2081 778 2164 sacramenti,
791 2080 912 2168 juncta
931 2078 1106 2158 charitate,
1124 2077 1248 2164 aliquis
1263 2077 1321 2140 fiat

189 2193 307 2282 aliquo
331 2193 435 2258 modo
457 2193 649 2259 membrum
673 2193 818 2274 Christi,
845 2201 996 2258 attamen
1020 2214 1089 2256 uon
1113 2191 1179 2256 nisi
1204 2191 1320 2255 inclau-

189 2309 278 2372 atiue
301 2315 336 2373 ct
358 2308 394 2371 in
418 2307 538 2373 ordine
560 2309 746 2373 neceaaario
767 2316 801 2374 et
820 2308 876 2373 ria
900 2307 943 2372 ad
965 2306 1163 2372 ulteriorem
1187 2312 1221 2369 et
1240 2305 1320 2368 inti-

189 2422 335 2486 miorcm
363 2421 544 2504 maionem3
575 2421 666 2487 unde
696 2445 764 2486 non
796 2429 849 2488 est
879 2420 1080 2508 simpliciter
1108 2421 1149 2484 de
1180 2425 1321 2504 corpore

189 2535 371 2618 Eccleaiae;
393 2574 439 2584 —
464 2536 497 2600 2.
527 2535 593 2616 Qui
621 2559 691 2601 non
717 2543 770 2601 est
794 2537 996 2623 baptizatus,
1025 2535 1175 2620 recipere
1201 2533 1319 2620 nequit

189 2649 460 2732 matrimonium,
476 2655 644 2737 quatenus
656 2660 906 2715 sacramentum
922 2673 1012 2714 nocae
1026 2649 1129 2734 tegrin·
1142 2647 1251 2734 major
1266 2653 1317 2710 est
1415 2697 1422 2708 .

189 2763 374 2828 difficultas
392 2763 506 2851 quoad
520 2765 762 2829 eucharistiam
769 2784 784 2849 ;
799 2802 842 2814 —
857 2766 888 2832 3.
910 2765 1170 2830 Sacramentum
1188 2760 1317 2824 ordinis

188 2877 387 2942 institutum
401 2877 466 2942 fuit
485 2900 505 2943 a
520 2876 656 2943 Christo
670 2879 781 2965 pridie
794 2901 897 2968 quam
911 2884 1101 2965 pateretur-3
1124 2874 1316 2962 baptismus

187 2989 401 3078 probabilius
419 2999 537 3071 antea3
560 3000 712 3058 ceterum
731 2992 827 3081 parvi
849 2992 971 3073 refert;
989 3029 1033 3042 -
1047 2991 1079 3056 4.
1099 2987 1316 3054 incommodo

188 3102 327 3191 quidem
346 3105 480 3191 gravia,
502 3113 541 3170 ut
559 3112 680 3172 notant
703 3106 903 3188 adversarii,
926 3112 1120 3194 sequuntur
1139 3127 1185 3169 ex
1200 3111 1316 3168 nostra

187 3217 437 3304 proponitioae;
456 3219 577 3307 siquis
593 3220 700 3302 enim,
718 3244 788 3286 non
801 3221 865 3285 rite
879 3219 1081 3307 baptizatus,
1100 3225 1316 3283 consecretur

186 3331 223 3394 in
254 3331 469 3419 episcopum,
502 3356 622 3398 omnes
655 3333 901 3415 ordinationes,
935 3356 1019 3422 quas
1053 3333 1127 3421 ipse
1157 3340 1312 3420 peraget,

187 3444 297 3509 nullae
316 3453 428 3512 amnt.
440 3498 467 3514 ..
489 3447 570 3512 Haec
589 3449 704 3513 omnia
721 3447 966 3514 committenda
990 3454 1071 3512 sunt
1093 3445 1316 3534 providentia·

187 3559 269 3638 Dei,
290 3581 355 3624 nec
373 3567 488 3624 tamen
509 3583 554 3626 eo
573 3583 682 3650 usque
699 3563 988 3650 progrediendum
1010 3569 1078 3644 est,
1099 3568 1138 3626 ut
1162 3561 1315 3624 dicamus

185 3695 265 3737 cum
293 3673 335 3737 D.
358 3674 505 3756 Thoma,
522 3677 597 3741 too.
623 3678 696 3760 ctu,
725 3677 767 3742 ad
794 3677 841 3742 2:
870 3676 977 3742 «Sed
1002 3683 1117 3740 tamen
1143 3675 1200 3762 pie
1224 3673 1315 3737 credi

184 3793 313 3874 potest,
332 3787 434 3874 quod,
454 3795 619 3876 quantum
639 3791 682 3855 ad
696 3791 837 3856 ultimos
852 3791 992 3856 effectus
1011 3795 1311 3866 sacramentorum,

183 3923 342 3966 summus
359 3903 514 3966 mardoo
531 3905 704 3990 suppleret
722 3906 904 3990 defectum.
930 3933 945 3965 »
