3270 5050
321 405 357 458 70
587 404 789 457 nannenus
808 404 923 456 SAGRAE
941 403 1178 456 onnlnnrloms

322 546 366 608 tic
380 548 556 622 iteraretur,
573 547 613 608 de
624 567 686 630 qua
700 547 865 608 iteratione
880 567 918 607 ne
930 547 1030 607 ullum
1045 545 1171 628 quidem
1185 547 1317 607 verbum
1328 547 1446 626 iegitur

321 655 353 713 in
368 653 508 734 epistolis
521 654 653 714 Joannis
667 653 748 713 hanc
764 673 829 712 rem
848 651 1065 712 attinentibus.
1083 651 1163 712 Item
1179 653 1317 734 episcopi
1331 652 1446 734 aliique

321 757 456 820 ordinati
478 780 495 819 a
517 759 631 820 Photio
653 758 770 840 recepti
792 765 866 818 sunt
887 757 953 818 sine
975 757 1158 818 condicione
1177 757 1298 818 iteratae
1318 758 1446 819 ordina-

321 863 416 925 tionis
427 863 449 924 .¹.

363 1052 423 1116 23.
435 1085 476 1096 -
491 1053 671 1115 Saeculum
687 1053 738 1132 X;
752 1052 798 1114 de
811 1051 975 1114 Formosi
989 1067 1090 1130 papae
1104 1049 1404 1113 ordinationibus.

365 1159 395 1214 1⁰
410 1155 594 1231 FormosuS,
614 1156 652 1216 de
670 1156 743 1216 sede
759 1155 926 1216 Portuensi
940 1154 980 1216 ad
1000 1155 1175 1215 Romanam
1190 1153 1373 1226 translatus,
1389 1154 1446 1214 du-

312 1267 411 1321 'rante
426 1261 609 1342 pontificatu
619 1262 792 1342 (891-896),
803 1261 909 1344 plures
924 1260 1017 1321 solito
1031 1281 1118 1320 more
1132 1259 1206 1320 fecit
1221 1259 1443 1334 ordinationes,

323 1365 557 1447 episcoporum,
575 1367 846 1448 presbyterorum,
867 1366 1086 1440 diaconorum,
1103 1365 1298 1448 aliorumque
1318 1365 1446 1426 clerico-

322 1492 403 1532 rum.
430 1471 549 1532 Habuit
571 1479 676 1534 autem
703 1493 915 1532 successorem
942 1471 1043 1551 primo
1070 1470 1267 1532 Boniiecium
1291 1471 1350 1546 VI,
1376 1472 1445 1552 qui,

322 1576 502 1658 quindecim
525 1583 649 1638 tantum
673 1576 784 1638 diebus
807 1577 1023 1658 pontificatum
1047 1577 1159 1656 gessit,
1183 1576 1295 1637 deinde
1317 1576 1449 1656 Stepha-

321 1703 398 1742 num
408 1682 451 1741 Vl
466 1685 639 1758 (see-897).
653 1683 712 1743 Hie
727 1683 959 1763 acceptissimus
974 1688 1040 1743 erat
1051 1681 1244 1762 principibus
1259 1682 1446 1763 Spoletanis,

322 1788 436 1868 quibus
455 1795 582 1848 econtra
603 1789 770 1850 Formosus
790 1787 879 1868 valde
899 1787 1019 1848 invisus
1038 1794 1115 1848 erat.
1142 1787 1232 1848 Unde
1252 1787 1445 1868 Stephanus,

323 1892 444 1952 crimini
463 1894 613 1953 Formoso
632 1899 758 1954 vertens
777 1914 865 1954 suam
884 1892 1137 1966 translationem,
1154 1892 1320 1953 concilium
1338 1893 1448 1952 Romae

323 1997 425 2076 coegit
439 1997 503 2077 (an.
522 2000 610 2074 896),
629 1999 756 2080 inquo,
774 1999 945 2059 adductum
961 1997 985 2057 F
987 1997 1102 2058 ormosi
1117 1997 1250 2058 cadaver
1264 1997 1449 2079 spoliatum-

323 2122 383 2183 que
398 2102 579 2182 apostolicis
593 2104 748 2180 vestibus,
765 2129 780 2162 a
795 2103 967 2164 induerunt
978 2103 1065 2163 laicis
1079 2103 1286 2176 indumentis,
1301 2109 1347 2177 et,
1364 2102 1449 2184 quod

239 2227 241 2230 ·
324 2213 371 2266 est
383 2206 557 2281 crudeliuS,
571 2210 741 2290 amputatis
755 2208 879 2270 duobus
892 2209 1028 2269 dexterae
1043 2207 1164 2288 digitis,
1175 2207 1271 2288 jussit
1285 2229 1356 2268 eum
1369 2207 1450 2268 inter

324 2312 559 2393 peregrinorum
580 2315 718 2375 tumulos
738 2315 878 2396 sepeliri,
897 2339 912 2371 »
933 2321 965 2374 et
984 2320 1093 2395 postea
1112 2313 1145 2373 in
1162 2313 1298 2374 Tiberim
1316 2312 1447 2392 mergi².

326 2418 363 2477 ln
377 2417 487 2478 eodem
502 2419 650 2496 concilio,
667 2421 752 2480 omni
767 2421 866 2500 gradu
881 2427 912 2480 et
927 2419 1036 2480 ordine
1051 2417 1165 2500 dejecit
1177 2439 1231 2479 eos
1246 2419 1299 2500 qui
1315 2418 1450 2478 ordinati
1541 2432 1546 2450 ·

325 2522 449 2582 fucrant
462 2543 479 2583 a
490 2523 513 2583 F
516 2544 658 2601 orm0s0,
671 2533 849 2586 nontamen
860 2525 1058 2606 praesumpsit
1068 2545 1121 2585 eos
1132 2525 1245 2584 iterum
1256 2544 1449 2599 consecrare,

326 2634 521 2709 utexpresse
536 2629 623 2690 addit
637 2631 781 2691 Auxilius
792 2630 814 2691 ³.
826 2668 866 2675 —
880 2631 1016 2691 ioannes
1031 2637 1135 2690 autem
1151 2629 1195 2689 lx
1209 2629 1402 2711 (898-900),
1419 2631 1450 2688 in

327 2733 460 2794 concilio
476 2734 634 2811 Romane,
649 2757 699 2797 au.
716 2738 790 2811 898,
804 2757 913 2798 omnes
925 2735 1086 2796 ordinatos
1098 2756 1115 2794 a
1132 2735 1282 2795 Formoso
1296 2735 1449 2806 restituit,

328 2838 444 2918 legitur
457 2840 540 2900 enim
558 2841 592 2900 in
609 2862 727 2902 canone
742 2841 781 2901 4:
800 2867 815 2897 (ι
832 2841 965 2917 (Omnes
981 2840 1140 2900 ordinatos
1160 2861 1178 2900 a
1198 2839 1363 2914 Formos0,
1380 2839 1452 2921 qui)

330 2964 387 3024 pro
406 2945 614 3025 quorumdam
633 2947 725 3007 libitu
738 2955 856 3008 temere
874 2946 990 3027 dejecti
1009 2953 1096 3020 sunt,
1114 2944 1148 3004 in
1163 2943 1313 3028 proprios
1326 2943 1453 3006 ordines

330 3053 360 3108 et
377 3047 499 3132 prades
517 3053 675 3112 communi
696 3059 810 3114 sanctae
830 3052 941 3133 synodi
960 3051 1107 3112 consultu
1127 3048 1345 3125 reducimur⁴3
1368 3049 1453 3130 »qui

363 3200 373 3234 ¹
391 3201 475 3265 Legae
502 3204 632 3266 epistolas
665 3205 681 3254 J
684 3205 791 3264 oannis,
821 3221 864 3268 ep.
893 3221 999 3264 ccxunr,
1020 3204 1063 3254 Ad
1085 3203 1220 3252 Baeitium
1249 3201 1454 3266 imperatorem,-

332 3293 374 3342 ep.
391 3295 493 3340 ccxciv,
504 3282 547 3332 Ad
563 3283 893 3347 Constantinopolitanou
907 3299 950 3347 ep.
967 3298 1059 3341 ccxcv,
1075 3281 1118 3331 Ad
1137 3281 1251 3331 ciericos
1266 3279 1457 3331 Constantino-

328 3352 482 3416 politanos,·
498 3371 540 3419 ep.
557 3371 682 3418 ccxuvru,
698 3357 741 3406 Ad
760 3357 903 3418 Photiunn
917 3358 1022 3421 Migne,
1038 3357 1068 3408 P.
1088 3357 1127 3415 1...
1145 3359 1165 3406 t.
1176 3371 1270 3416 cxxvi,
1285 3356 1337 3405 col.
1353 3360 1398 3405 859
1413 3371 1454 3418 sq.

335 3459 362 3468 —
373 3432 476 3482 Debeo
491 3435 651 3485 difficultate
663 3436 697 3484 ct.
711 3437 792 3485 etiam
804 3436 943 3495 Vuitassc,
956 3437 1005 3485 loc.
1017 3435 1073 3493 cit,
1085 3437 1152 3484 sect.
1164 3450 1200 3494 iv,
1212 3434 1267 3498 obj.
1283 3438 1306 3493 t,
1318 3449 1345 3498 p.
1356 3439 1455 3482 96-106.

364 3511 376 3544 ²
393 3511 435 3560 tta
448 3516 540 3562 narrat
551 3515 683 3574 Auxitius,
699 3529 714 3564 a
730 3515 860 3564 Formoso
875 3530 945 3578 papa
959 3514 1113 3573 ordinatus,
1124 3515 1152 3561 in
1167 3513 1260 3561 libello
1274 3513 1307 3562 In
1321 3511 1458 3574 defensio-

335 3603 396 3640 nem
408 3605 494 3641 eecroe
508 3592 690 3644 ordinationis
700 3592 832 3652 Formoai,
847 3608 871 3642 c.
882 3610 900 3641 x
914 3593 1004 3656 (quem
1016 3593 1104 3656 primo
1119 3591 1205 3641 edidit
1213 3591 1363 3651 Diimmler,
1373 3590 1458 3640 Auci·

335 3667 389 3718 lius
404 3670 462 3718 und
481 3670 642 3735 vilgerius,
657 3673 772 3736 Leipzig,
788 3677 859 3732 1888,
873 3688 901 3736 p.
915 3673 972 3735 7-1);
988 3671 1022 3722 ct.
1039 3670 1159 3735 ejusdem
1174 3670 1274 3718 Auxiiii
1290 3668 1417 3732 infensor
1431 3671 1457 3718 et

335 3746 477 3809 Defensor,
494 3764 517 3798 e.
533 3763 598 3809 xxx;
613 3750 717 3813 Migne,
733 3753 763 3800 P.
779 3752 819 3810 L„
837 3755 857 3800 t.
875 3765 966 3810 cxxix,
981 3750 1033 3799 col.
1049 3753 1120 3798 1098.
1137 3747 1254 3812 Scripsit
1268 3747 1392 3797 Auxilius
1406 3747 1457 3798 sub

336 3825 429 3890 Sergio
447 3826 484 3874 111
501 3828 656 3894 (904-911),
677 3832 708 3880 ut
726 3831 784 3893 ipsc
803 3829 871 3878 dicit
890 3828 1055 3894 (Dirmmler,
1075 3843 1102 3891 p.
1118 3826 1172 3891 95).
1188 3853 1218 3864 -
1237 3827 1278 3876 cf.
1298 3826 1457 3886 Duchesne,

335 3904 417 3954 Liber
430 3905 611 3969 Pontificelia,
628 3911 648 3956 t.
662 3923 693 3967 11,
709 3924 736 3970 p.
751 3913 804 3956 229.

368 3983 379 4018 ³
396 3981 426 4032 In
441 3984 597 4048 Appendice
612 3986 646 4035 ad
660 3987 706 4036 cit.
722 3986 844 4036 libellum
859 3987 891 4036 in
905 3983 1104 4048 defensionem,
1120 3987 1173 4034 etc.
1190 3983 1355 4049 (Dtimmler,
1368 3999 1395 4046 p.
1408 3982 1457 4045 95).

368 4064 379 4097 ⁴
396 4063 493 4123 Mansi,
510 4064 640 4123 Concilio,
656 4067 677 4114 t.
687 4081 760 4126 xvnr,
774 4066 826 4115 col.
838 4069 891 4114 224.
904 4065 989 4122 Quam
1004 4064 1205 4113 restitutionem
1214 4063 1271 4126 jam
1283 4063 1460 4111 inchoaverat

338 4141 496 4191 Theodorus
507 4141 541 4202 11,
555 4141 669 4192 Joannis
683 4145 868 4207 praedecessor
883 4144 935 4207 (au.
944 4143 1009 4208 eei),
1025 4142 1066 4192 uti
1080 4144 1172 4192 narrat
1186 4141 1311 4190 Auxilius
1326 4141 1354 4189 in
1365 4139 1459 4189 eadem

337 4219 504 4284 Appendice,
520 4236 548 4284 p.
561 4225 600 4269 95.
