<?xml version="1.0" encoding="UTF-8"?>
<!DOCTYPE html PUBLIC "-//W3C//DTD XHTML 1.0 Transitional//EN"
    "http://www.w3.org/TR/xhtml1/DTD/xhtml1-transitional.dtd">
<html xmlns="http://www.w3.org/1999/xhtml" xml:lang="en" lang="en">
 <head>
  <title>
</title>
<meta http-equiv="Content-Type" content="text/html;charset=utf-8" />
  <meta name='ocr-system' content='tesseract 3.04.00' />
  <meta name='ocr-capabilities' content='ocr_page ocr_carea ocr_par ocr_line ocrx_word'/>
</head>
<body>
  <div class='ocr_page' id='page_1' title='image "./praelectionesde00manygoog_0025.png"; bbox 0 0 3270 5050; ppageno 0'>
   <div class='ocr_carea' id='block_1_1' title="bbox 302 421 1157 474">
    <p class='ocr_par' dir='ltr' id='par_1_1' title="bbox 302 421 1157 474">
     <span class='ocr_line' id='line_1_1' title="bbox 302 421 1157 474; baseline 0 -4"><span class='ocrx_word' id='word_1_1' title='bbox 302 421 334 471; x_wconf 73' lang='lat' dir='ltr'><em>In</em></span> <span class='ocrx_word' id='word_1_2' title='bbox 566 423 610 473; x_wconf 85' lang='lat' dir='ltr'><em>DE</em></span> <span class='ocrx_word' id='word_1_3' title='bbox 629 424 768 474; x_wconf 82' lang='lat' dir='ltr'>LEGIBUS</span> <span class='ocrx_word' id='word_1_4' title='bbox 788 424 901 474; x_wconf 77' lang='lat' dir='ltr'>SACRAE</span> <span class='ocrx_word' id='word_1_5' title='bbox 921 421 1157 474; x_wconf 75' lang='lat' dir='ltr'>OIIDINATIONIS</span> 
     </span>
    </p>
   </div>
   <div class='ocr_carea' id='block_1_2' title="bbox 296 561 1424 1328">
    <p class='ocr_par' dir='ltr' id='par_1_2' title="bbox 296 561 1424 1328">
     <span class='ocr_line' id='line_1_2' title="bbox 344 561 1424 655; baseline -0.004 -25"><span class='ocrx_word' id='word_1_6' title='bbox 344 565 378 631; x_wconf 73' lang='grc' dir='ltr'><em>3ο</em></span> <span class='ocrx_word' id='word_1_7' title='bbox 391 567 606 632; x_wconf 85' lang='lat' dir='ltr'><em>Auctoritate</em></span> <span class='ocrx_word' id='word_1_8' title='bbox 621 591 712 632; x_wconf 90' lang='lat' dir='ltr'><em>conc.</em></span> <span class='ocrx_word' id='word_1_9' title='bbox 737 567 845 650; x_wconf 81' lang='lat' dir='ltr'><em>Trid,</em></span> <span class='ocrx_word' id='word_1_10' title='bbox 862 567 966 655; x_wconf 91' lang='lat' dir='ltr'><em>quod,</em></span> <span class='ocrx_word' id='word_1_11' title='bbox 984 588 1058 632; x_wconf 90' lang='lat' dir='ltr'><em>can.</em></span> <span class='ocrx_word' id='word_1_12' title='bbox 1077 565 1109 647; x_wconf 83' lang='lat'><em>6,</em></span> <span class='ocrx_word' id='word_1_13' title='bbox 1128 587 1212 629; x_wconf 92' lang='lat' dir='ltr'><em>sess.</em></span> <span class='ocrx_word' id='word_1_14' title='bbox 1230 561 1354 644; x_wconf 88' lang='lat' dir='ltr'>XXIII,</span> <span class='ocrx_word' id='word_1_15' title='bbox 1373 561 1424 626; x_wconf 78' lang='lat' dir='ltr'><em>De</em></span> 
     </span>
     <span class='ocr_line' id='line_1_3' title="bbox 299 676 1424 769; baseline -0.006 -24"><span class='ocrx_word' id='word_1_16' title='bbox 299 699 431 759; x_wconf 82' lang='lat' dir='ltr'><em>onorns,</em></span> <span class='ocrx_word' id='word_1_17' title='bbox 449 678 587 746; x_wconf 79' lang='lat' dir='ltr'><em>definit:</em></span> <span class='ocrx_word' id='word_1_18' title='bbox 605 680 674 748; x_wconf 87' lang='lat' dir='ltr'><em>«Si</em></span> <span class='ocrx_word' id='word_1_19' title='bbox 693 679 769 769; x_wconf 92' lang='lat' dir='ltr'><em>quis</em></span> <span class='ocrx_word' id='word_1_20' title='bbox 785 679 923 760; x_wconf 85' lang='lat' dir='ltr'><em>dixerit,</em></span> <span class='ocrx_word' id='word_1_21' title='bbox 945 681 980 746; x_wconf 94' lang='lat' dir='ltr'><em>in</em></span> <span class='ocrx_word' id='word_1_22' title='bbox 1002 679 1152 745; x_wconf 81' lang='lat' dir='ltr'>Ecclesia</span> <span class='ocrx_word' id='word_1_23' title='bbox 1173 676 1337 743; x_wconf 82' lang='lat' dir='ltr'><em>catholica</em></span> <span class='ocrx_word' id='word_1_24' title='bbox 1358 698 1424 740; x_wconf 89' lang='lat' dir='ltr'><em>non</em></span> 
     </span>
     <span class='ocr_line' id='line_1_4' title="bbox 298 793 1424 881; baseline -0.003 -25"><span class='ocrx_word' id='word_1_25' title='bbox 298 815 365 857; x_wconf 88' lang='lat' dir='ltr'><em>esse</em></span> <span class='ocrx_word' id='word_1_26' title='bbox 390 793 620 858; x_wconf 74' lang='lat' dir='ltr'><em>hierarchiam</em></span> <span class='ocrx_word' id='word_1_27' title='bbox 643 796 757 858; x_wconf 85' lang='lat' dir='ltr'><em>divine</em></span> <span class='ocrx_word' id='word_1_28' title='bbox 781 795 992 860; x_wconf 80' lang='lat' dir='ltr'><em>ordinatione</em></span> <span class='ocrx_word' id='word_1_29' title='bbox 1017 795 1226 875; x_wconf 84' lang='lat' dir='ltr'><em>institutam,</em></span> <span class='ocrx_word' id='word_1_30' title='bbox 1248 815 1323 881; x_wconf 82' lang='lat' dir='ltr'><em>quae</em></span> <span class='ocrx_word' id='word_1_31' title='bbox 1342 812 1424 855; x_wconf 91' lang='lat' dir='ltr'><em>con·</em></span> 
     </span>
     <span class='ocr_line' id='line_1_5' title="bbox 299 906 1420 996; baseline -0.004 -26"><span class='ocrx_word' id='word_1_32' title='bbox 299 913 367 971; x_wconf 86' lang='lat' dir='ltr'><em>stat</em></span> <span class='ocrx_word' id='word_1_33' title='bbox 387 930 429 972; x_wconf 85' lang='lat' dir='ltr'><em>ex</em></span> <span class='ocrx_word' id='word_1_34' title='bbox 449 907 634 996; x_wconf 90' lang='lat' dir='ltr'><em>episeopis,</em></span> <span class='ocrx_word' id='word_1_35' title='bbox 651 907 861 996; x_wconf 79' lang='lat' dir='ltr'><em>presbyteris</em></span> <span class='ocrx_word' id='word_1_36' title='bbox 876 917 911 974; x_wconf 85' lang='lat' dir='ltr'><em>et</em></span> <span class='ocrx_word' id='word_1_37' title='bbox 930 909 1111 992; x_wconf 76' lang='lat' dir='ltr'><em>ministris,</em></span> <span class='ocrx_word' id='word_1_38' title='bbox 1129 907 1308 972; x_wconf 87' lang='lat' dir='ltr'><em>anathema</em></span> <span class='ocrx_word' id='word_1_39' title='bbox 1329 906 1384 970; x_wconf 83' lang='lat' dir='ltr'><em>sit.</em></span> <span class='ocrx_word' id='word_1_40' title='bbox 1404 932 1420 964; x_wconf 78' lang='lat' dir='ltr'><em>n</em></span> 
     </span>
     <span class='ocr_line' id='line_1_6' title="bbox 298 1021 1423 1109; baseline -0.001 -25"><span class='ocrx_word' id='word_1_41' title='bbox 298 1021 419 1102; x_wconf 87' lang='lat' dir='ltr'><em>Porro,</em></span> <span class='ocrx_word' id='word_1_42' title='bbox 446 1045 507 1109; x_wconf 92' lang='lat' dir='ltr'><em>per</em></span> <span class='ocrx_word' id='word_1_43' title='bbox 530 1023 602 1086; x_wconf 81' lang='lat' dir='ltr'><em>haec</em></span> <span class='ocrx_word' id='word_1_44' title='bbox 625 1021 745 1105; x_wconf 84' lang='lat' dir='ltr'><em>verba,</em></span> <span class='ocrx_word' id='word_1_45' title='bbox 773 1030 807 1088; x_wconf 92' lang='lat' dir='ltr'><em>et</em></span> <span class='ocrx_word' id='word_1_46' title='bbox 831 1024 1013 1108; x_wconf 70' lang='lat' dir='ltr'><em>ministris,</em></span> <span class='ocrx_word' id='word_1_47' title='bbox 1039 1021 1277 1109; x_wconf 86' lang='lat' dir='ltr'><em>intelliguntur</em></span> <span class='ocrx_word' id='word_1_48' title='bbox 1301 1021 1423 1085; x_wconf 87' lang='lat' dir='ltr'><em>saltem</em></span> 
     </span>
     <span class='ocr_line' id='line_1_7' title="bbox 297 1127 1423 1224; baseline 0 -26"><span class='ocrx_word' id='word_1_49' title='bbox 297 1136 445 1218; x_wconf 87' lang='lat' dir='ltr'><em>diaconi,</em></span> <span class='ocrx_word' id='word_1_50' title='bbox 475 1159 619 1224; x_wconf 93' lang='lat' dir='ltr'><em>qnorum</em></span> <span class='ocrx_word' id='word_1_51' title='bbox 646 1159 770 1202; x_wconf 91' lang='lat' dir='ltr'><em>nomen</em></span> <span class='ocrx_word' id='word_1_52' title='bbox 798 1159 946 1223; x_wconf 70' lang='lat' dir='ltr'><em>graccum</em></span> <span class='ocrx_word' id='word_1_53' title='bbox 975 1127 1114 1209; x_wconf 78' lang='grc' dir='ltr'>διάκονος</span> <span class='ocrx_word' id='word_1_54' title='bbox 1133 1135 1231 1200; x_wconf 58' lang='lat' dir='ltr'><em>,idem</em></span> <span class='ocrx_word' id='word_1_55' title='bbox 1259 1140 1357 1199; x_wconf 88' lang='lat' dir='ltr'><em>sonet</em></span> <span class='ocrx_word' id='word_1_56' title='bbox 1384 1157 1423 1198; x_wconf 84' lang='lat' dir='ltr'><em>ac</em></span> 
     </span>
     <span class='ocr_line' id='line_1_8' title="bbox 296 1248 585 1328; baseline 0.01 -16"><span class='ocrx_word' id='word_1_57' title='bbox 296 1248 401 1314; x_wconf 86' lang='lat' dir='ltr'><em>latine</em></span> <span class='ocrx_word' id='word_1_58' title='bbox 413 1251 585 1328; x_wconf 85' lang='lat' dir='ltr'><em>minister.</em></span> 
     </span>
    </p>
   </div>
   <div class='ocr_carea' id='block_1_3' title="bbox 292 1479 1462 3961">
    <p class='ocr_par' dir='ltr' id='par_1_3' title="bbox 295 1479 1423 2023">
     <span class='ocr_line' id='line_1_9' title="bbox 341 1479 1421 1562; baseline -0.002 -16"><span class='ocrx_word' id='word_1_59' title='bbox 341 1479 381 1546; x_wconf 88' lang='grc'><em>4.</em></span> <span class='ocrx_word' id='word_1_60' title='bbox 397 1517 441 1526; x_wconf 89' lang='grc'><strong>-</strong></span> <span class='ocrx_word' id='word_1_61' title='bbox 458 1479 728 1548; x_wconf 79' lang='lat' dir='ltr'><em>Sacerdotium</em></span> <span class='ocrx_word' id='word_1_62' title='bbox 744 1489 783 1549; x_wconf 91' lang='lat' dir='ltr'><em>et</em></span> <span class='ocrx_word' id='word_1_63' title='bbox 797 1481 1029 1549; x_wconf 75' lang='lat' dir='ltr'><em>diaconatus</em></span> <span class='ocrx_word' id='word_1_64' title='bbox 1049 1486 1143 1548; x_wconf 84' lang='lat' dir='ltr'><em>sunt</em></span> <span class='ocrx_word' id='word_1_65' title='bbox 1162 1483 1421 1562; x_wconf 81' lang='lat' dir='ltr'><em>sacramente,</em></span> 
     </span>
     <span class='ocr_line' id='line_1_10' title="bbox 296 1590 1421 1683; baseline -0.002 -29"><span class='ocrx_word' id='word_1_66' title='bbox 296 1590 417 1674; x_wconf 87' lang='lat' dir='ltr'><em>idest,</em></span> <span class='ocrx_word' id='word_1_67' title='bbox 439 1593 525 1658; x_wconf 89' lang='lat' dir='ltr'><em>ritus</em></span> <span class='ocrx_word' id='word_1_68' title='bbox 548 1594 623 1676; x_wconf 86' lang='lat' dir='ltr'><em>ille,</em></span> <span class='ocrx_word' id='word_1_69' title='bbox 645 1596 704 1683; x_wconf 90' lang='lat' dir='ltr'><em>qni</em></span> <span class='ocrx_word' id='word_1_70' title='bbox 728 1603 868 1662; x_wconf 84' lang='lat' dir='ltr'><em>vocetur</em></span> <span class='ocrx_word' id='word_1_71' title='bbox 886 1596 1072 1677; x_wconf 85' lang='lat' dir='ltr'><em>ordinatio,</em></span> <span class='ocrx_word' id='word_1_72' title='bbox 1093 1597 1277 1682; x_wconf 80' lang='grc' dir='ltr'>χειροτονία,</span> <span class='ocrx_word' id='word_1_73' title='bbox 1299 1601 1334 1656; x_wconf 84' lang='lat' dir='ltr'><em>et</em></span> <span class='ocrx_word' id='word_1_74' title='bbox 1354 1613 1421 1678; x_wconf 93' lang='lat' dir='ltr'><em>qno</em></span> 
     </span>
     <span class='ocr_line' id='line_1_11' title="bbox 296 1705 1423 1796; baseline -0.001 -28"><span class='ocrx_word' id='word_1_75' title='bbox 296 1705 468 1773; x_wconf 75' lang='lat' dir='ltr'><em>confertur</em></span> <span class='ocrx_word' id='word_1_76' title='bbox 500 1707 733 1774; x_wconf 83' lang='lat' dir='ltr'><em>sacerdotibus</em></span> <span class='ocrx_word' id='word_1_77' title='bbox 764 1717 798 1775; x_wconf 85' lang='lat' dir='ltr'><em>et</em></span> <span class='ocrx_word' id='word_1_78' title='bbox 826 1709 977 1775; x_wconf 90' lang='lat' dir='ltr'><em>diaconis</em></span> <span class='ocrx_word' id='word_1_79' title='bbox 1009 1715 1162 1796; x_wconf 87' lang='lat' dir='ltr'><em>potestas</em></span> <span class='ocrx_word' id='word_1_80' title='bbox 1195 1705 1339 1786; x_wconf 85' lang='lat' dir='ltr'><em>ordinis,</em></span> <span class='ocrx_word' id='word_1_81' title='bbox 1370 1711 1423 1768; x_wconf 81' lang='lat' dir='ltr'><em>est</em></span> 
     </span>
     <span class='ocr_line' id='line_1_12' title="bbox 296 1819 1422 1912; baseline -0.002 -28"><span class='ocrx_word' id='word_1_82' title='bbox 296 1821 399 1884; x_wconf 83' lang='lat' dir='ltr'><em>etiem</em></span> <span class='ocrx_word' id='word_1_83' title='bbox 425 1833 677 1888; x_wconf 82' lang='lat' dir='ltr'><em>sacramentnm</em></span> <span class='ocrx_word' id='word_1_84' title='bbox 705 1846 802 1888; x_wconf 86' lang='lat' dir='ltr'><em>novee</em></span> <span class='ocrx_word' id='word_1_85' title='bbox 828 1823 931 1912; x_wconf 86' lang='lat' dir='ltr'><em>legis,</em></span> <span class='ocrx_word' id='word_1_86' title='bbox 961 1831 996 1887; x_wconf 90' lang='lat' dir='ltr'><em>et</em></span> <span class='ocrx_word' id='word_1_87' title='bbox 1028 1821 1168 1910; x_wconf 86' lang='lat' dir='ltr'><em>proinde</em></span> <span class='ocrx_word' id='word_1_88' title='bbox 1198 1819 1353 1908; x_wconf 83' lang='lat' dir='ltr'><em>producIt</em></span> <span class='ocrx_word' id='word_1_89' title='bbox 1380 1842 1422 1882; x_wconf 74' lang='lat' dir='ltr'><em>ecc</em></span> 
     </span>
     <span class='ocr_line' id='line_1_13' title="bbox 295 1937 1011 2023; baseline 0.01 -27"><span class='ocrx_word' id='word_1_90' title='bbox 295 1957 393 2019; x_wconf 89' lang='lat' dir='ltr'><em>opere</em></span> <span class='ocrx_word' id='word_1_91' title='bbox 412 1945 547 2021; x_wconf 87' lang='lat' dir='ltr'><em>operato</em></span> <span class='ocrx_word' id='word_1_92' title='bbox 567 1939 712 2023; x_wconf 81' lang='lat' dir='ltr'><em>gratiam</em></span> <span class='ocrx_word' id='word_1_93' title='bbox 731 1937 1011 2004; x_wconf 84' lang='lat' dir='ltr'><em>sanctificantem.</em></span> 
     </span>
    </p>

    <p class='ocr_par' dir='ltr' id='par_1_4' title="bbox 295 2047 1422 2571">
     <span class='ocr_line' id='line_1_14' title="bbox 342 2047 1421 2136; baseline -0.002 -25"><span class='ocrx_word' id='word_1_94' title='bbox 342 2051 374 2110; x_wconf 88' lang='lat' dir='ltr'><em>I⁰</em></span> <span class='ocrx_word' id='word_1_95' title='bbox 394 2048 444 2113; x_wconf 92' lang='lat' dir='ltr'><em>De</em></span> <span class='ocrx_word' id='word_1_96' title='bbox 463 2052 647 2116; x_wconf 88' lang='lat' dir='ltr'><em>sacerdotio</em></span> <span class='ocrx_word' id='word_1_97' title='bbox 664 2052 851 2118; x_wconf 84' lang='lat' dir='ltr'><em>clarissima</em></span> <span class='ocrx_word' id='word_1_98' title='bbox 871 2075 925 2116; x_wconf 89' lang='lat' dir='ltr'><em>res</em></span> <span class='ocrx_word' id='word_1_99' title='bbox 945 2059 1013 2133; x_wconf 84' lang='lat' dir='ltr'><em>est3</em></span> <span class='ocrx_word' id='word_1_100' title='bbox 1030 2059 1068 2116; x_wconf 90' lang='lat' dir='ltr'><em>ut</em></span> <span class='ocrx_word' id='word_1_101' title='bbox 1088 2050 1178 2115; x_wconf 91' lang='lat' dir='ltr'><em>enim</em></span> <span class='ocrx_word' id='word_1_102' title='bbox 1193 2049 1316 2136; x_wconf 86' lang='lat' dir='ltr'><em>aliquis</em></span> <span class='ocrx_word' id='word_1_103' title='bbox 1337 2047 1421 2112; x_wconf 89' lang='lat' dir='ltr'><em>ritus</em></span> 
     </span>
     <span class='ocr_line' id='line_1_15' title="bbox 296 2157 1422 2255; baseline -0.002 -28"><span class='ocrx_word' id='word_1_104' title='bbox 296 2163 340 2227; x_wconf 90' lang='lat' dir='ltr'><em>sit</em></span> <span class='ocrx_word' id='word_1_105' title='bbox 363 2157 630 2248; x_wconf 83' lang='lat' dir='ltr'><em>sacramentum,</em></span> <span class='ocrx_word' id='word_1_106' title='bbox 652 2167 716 2231; x_wconf 83' lang='lat' dir='ltr'><em>trie</em></span> <span class='ocrx_word' id='word_1_107' title='bbox 736 2167 966 2255; x_wconf 89' lang='lat' dir='ltr'><em>requiruntur,</em></span> <span class='ocrx_word' id='word_1_108' title='bbox 984 2166 1167 2230; x_wconf 88' lang='lat' dir='ltr'><em>nimirum:</em></span> <span class='ocrx_word' id='word_1_109' title='bbox 1190 2164 1326 2250; x_wconf 86' lang='lat' dir='ltr'><em>signum</em></span> <span class='ocrx_word' id='word_1_110' title='bbox 1346 2183 1422 2226; x_wconf 89' lang='lat' dir='ltr'><em>sen-</em></span> 
     </span>
     <span class='ocr_line' id='line_1_16' title="bbox 295 2273 1420 2369; baseline -0.001 -28"><span class='ocrx_word' id='word_1_111' title='bbox 295 2276 409 2358; x_wconf 78' lang='lat' dir='ltr'><em>sibile3</em></span> <span class='ocrx_word' id='word_1_112' title='bbox 436 2277 606 2343; x_wconf 85' lang='lat' dir='ltr'><em>institutio</em></span> <span class='ocrx_word' id='word_1_113' title='bbox 631 2279 763 2362; x_wconf 87' lang='lat' dir='ltr'><em>divina,</em></span> <span class='ocrx_word' id='word_1_114' title='bbox 786 2288 819 2346; x_wconf 83' lang='lat' dir='ltr'><em>et</em></span> <span class='ocrx_word' id='word_1_115' title='bbox 843 2280 979 2369; x_wconf 91' lang='lat' dir='ltr'><em>quidem</em></span> <span class='ocrx_word' id='word_1_116' title='bbox 1000 2297 1221 2367; x_wconf 83' lang='lat' dir='ltr'><em>permanens3</em></span> <span class='ocrx_word' id='word_1_117' title='bbox 1243 2273 1420 2364; x_wconf 84' lang='lat' dir='ltr'><em>productio</em></span> 
     </span>
     <span class='ocr_line' id='line_1_17' title="bbox 295 2391 1420 2482; baseline -0.003 -27"><span class='ocrx_word' id='word_1_118' title='bbox 295 2391 423 2477; x_wconf 82' lang='lat' dir='ltr'><em>gratiae.</em></span> <span class='ocrx_word' id='word_1_119' title='bbox 441 2391 606 2457; x_wconf 88' lang='lat' dir='ltr'><em>—Porro</em></span> <span class='ocrx_word' id='word_1_120' title='bbox 623 2395 793 2459; x_wconf 84' lang='lat' dir='ltr'><em>ordinatio</em></span> <span class='ocrx_word' id='word_1_121' title='bbox 811 2417 870 2459; x_wconf 93' lang='lat' dir='ltr'><em>seu</em></span> <span class='ocrx_word' id='word_1_122' title='bbox 885 2398 1057 2482; x_wconf 78' lang='grc' dir='ltr'>χειροτονία</span> <span class='ocrx_word' id='word_1_123' title='bbox 1071 2394 1132 2458; x_wconf 89' lang='lat' dir='ltr'><em>hes</em></span> <span class='ocrx_word' id='word_1_124' title='bbox 1147 2399 1216 2458; x_wconf 86' lang='lat' dir='ltr'><em>tres</em></span> <span class='ocrx_word' id='word_1_125' title='bbox 1236 2391 1334 2456; x_wconf 86' lang='lat' dir='ltr'><em>dotes</em></span> <span class='ocrx_word' id='word_1_126' title='bbox 1352 2412 1420 2477; x_wconf 77' lang='lat' dir='ltr'><em>pra·</em></span> 
     </span>
     <span class='ocr_line' id='line_1_18' title="bbox 295 2505 439 2571; baseline 0.007 -2"><span class='ocrx_word' id='word_1_127' title='bbox 295 2529 331 2570; x_wconf 91' lang='lat' dir='ltr'><em>se</em></span> <span class='ocrx_word' id='word_1_128' title='bbox 351 2505 439 2571; x_wconf 86' lang='lat' dir='ltr'><em>fert:</em></span> 
     </span>
    </p>

    <p class='ocr_par' dir='ltr' id='par_1_5' title="bbox 294 2619 1419 2800">
     <span class='ocr_line' id='line_1_19' title="bbox 338 2619 1419 2710; baseline -0.006 -25"><span class='ocrx_word' id='word_1_129' title='bbox 338 2644 370 2686; x_wconf 88' lang='lat' dir='ltr'><em>e.</em></span> <span class='ocrx_word' id='word_1_130' title='bbox 393 2619 538 2685; x_wconf 86' lang='lat' dir='ltr'><em>Constat</em></span> <span class='ocrx_word' id='word_1_131' title='bbox 562 2622 658 2706; x_wconf 71' lang='lat' dir='ltr'><em>siquo</em></span> <span class='ocrx_word' id='word_1_132' title='bbox 682 2622 849 2706; x_wconf 82' lang='lat' dir='ltr'><em>sensibili,</em></span> <span class='ocrx_word' id='word_1_133' title='bbox 871 2644 993 2710; x_wconf 87' lang='lat' dir='ltr'><em>nempe</em></span> <span class='ocrx_word' id='word_1_134' title='bbox 1018 2620 1234 2710; x_wconf 86' lang='lat' dir='ltr'><em>impositione</em></span> <span class='ocrx_word' id='word_1_135' title='bbox 1258 2638 1419 2682; x_wconf 86' lang='lat' dir='ltr'><em>manuum</em></span> 
     </span>
     <span class='ocr_line' id='line_1_20' title="bbox 294 2734 695 2800; baseline 0.002 -1"><span class='ocrx_word' id='word_1_136' title='bbox 294 2757 372 2799; x_wconf 94' lang='lat' dir='ltr'><em>cnm</em></span> <span class='ocrx_word' id='word_1_137' title='bbox 395 2734 509 2798; x_wconf 86' lang='lat' dir='ltr'><em>verbis</em></span> <span class='ocrx_word' id='word_1_138' title='bbox 532 2734 695 2800; x_wconf 86' lang='lat' dir='ltr'><em>relativis.</em></span> 
     </span>
    </p>

    <p class='ocr_par' dir='ltr' id='par_1_6' title="bbox 294 2846 1446 3164">
     <span class='ocr_line' id='line_1_21' title="bbox 338 2846 1446 2936; baseline -0.004 -24"><span class='ocrx_word' id='word_1_139' title='bbox 338 2849 373 2914; x_wconf 77' lang='lat' dir='ltr'><em>h.</em></span> <span class='ocrx_word' id='word_1_140' title='bbox 403 2847 546 2936; x_wconf 85' lang='lat' dir='ltr'><em>Insuper</em></span> <span class='ocrx_word' id='word_1_141' title='bbox 572 2849 727 2914; x_wconf 84' lang='lat' dir='ltr'><em>institute</em></span> <span class='ocrx_word' id='word_1_142' title='bbox 755 2852 824 2935; x_wconf 83' lang='lat' dir='ltr'><em>snit</em></span> <span class='ocrx_word' id='word_1_143' title='bbox 854 2852 952 2914; x_wconf 89' lang='lat' dir='ltr'><em>modo</em></span> <span class='ocrx_word' id='word_1_144' title='bbox 975 2849 1190 2936; x_wconf 78' lang='lat' dir='ltr'><em>permanenti</em></span> <span class='ocrx_word' id='word_1_145' title='bbox 1215 2871 1235 2911; x_wconf 86' lang='lat' dir='ltr'><em>a</em></span> <span class='ocrx_word' id='word_1_146' title='bbox 1262 2846 1416 2928; x_wconf 73' lang='lat' dir='ltr'><em>Christe,</em></span> <span class='ocrx_word' id='word_1_147' title='bbox 1443 2891 1446 2900; x_wconf 69' lang='lat'><em>,</em></span> 
     </span>
     <span class='ocr_line' id='line_1_22' title="bbox 294 2960 1418 3050; baseline -0.003 -24"><span class='ocrx_word' id='word_1_148' title='bbox 294 2961 369 3050; x_wconf 89' lang='lat' dir='ltr'><em>qni,</em></span> <span class='ocrx_word' id='word_1_149' title='bbox 389 2968 428 3026; x_wconf 84' lang='lat' dir='ltr'><em>ui</em></span> <span class='ocrx_word' id='word_1_150' title='bbox 448 2985 566 3050; x_wconf 87' lang='lat' dir='ltr'><em>supra,</em></span> <span class='ocrx_word' id='word_1_151' title='bbox 584 2985 619 3027; x_wconf 93' lang='lat' dir='ltr'><em>n.</em></span> <span class='ocrx_word' id='word_1_152' title='bbox 639 2964 676 3050; x_wconf 88' lang='lat'><em>1,</em></span> <span class='ocrx_word' id='word_1_153' title='bbox 699 2967 744 3044; x_wconf 80' lang='lat'><em>1⁰,</em></span> <span class='ocrx_word' id='word_1_154' title='bbox 768 2965 815 3046; x_wconf 83' lang='lat'><em>2⁰,</em></span> <span class='ocrx_word' id='word_1_155' title='bbox 837 2964 1001 3043; x_wconf 87' lang='lat' dir='ltr'><em>vidimus,</em></span> <span class='ocrx_word' id='word_1_156' title='bbox 1023 2962 1172 3029; x_wconf 89' lang='lat' dir='ltr'><em>instituit</em></span> <span class='ocrx_word' id='word_1_157' title='bbox 1192 2960 1418 3026; x_wconf 86' lang='lat' dir='ltr'><em>sacerdotium</em></span> 
     </span>
     <span class='ocr_line' id='line_1_23' title="bbox 294 3075 730 3164; baseline 0.007 -25"><span class='ocrx_word' id='word_1_158' title='bbox 294 3099 392 3140; x_wconf 84' lang='lat' dir='ltr'><em>novae</em></span> <span class='ocrx_word' id='word_1_159' title='bbox 411 3075 496 3163; x_wconf 83' lang='lat' dir='ltr'><em>Iegis</em></span> <span class='ocrx_word' id='word_1_160' title='bbox 515 3084 730 3164; x_wconf 91' lang='lat' dir='ltr'><em>perpetuum.</em></span> 
     </span>
    </p>

    <p class='ocr_par' dir='ltr' id='par_1_7' title="bbox 292 3185 1462 3961">
     <span class='ocr_line' id='line_1_24' title="bbox 338 3185 1418 3279; baseline -0.004 -26"><span class='ocrx_word' id='word_1_161' title='bbox 338 3213 366 3254; x_wconf 92' lang='lat' dir='ltr'><em>c.</em></span> <span class='ocrx_word' id='word_1_162' title='bbox 388 3189 539 3254; x_wconf 86' lang='lat' dir='ltr'><em>Tandem</em></span> <span class='ocrx_word' id='word_1_163' title='bbox 566 3190 625 3254; x_wconf 91' lang='lat' dir='ltr'><em>iIIo</em></span> <span class='ocrx_word' id='word_1_164' title='bbox 650 3190 717 3254; x_wconf 89' lang='lat' dir='ltr'><em>ritu</em></span> <span class='ocrx_word' id='word_1_165' title='bbox 743 3191 884 3279; x_wconf 91' lang='lat' dir='ltr'><em>produci</em></span> <span class='ocrx_word' id='word_1_166' title='bbox 908 3191 1053 3278; x_wconf 81' lang='lat' dir='ltr'><em>gratiam</em></span> <span class='ocrx_word' id='word_1_167' title='bbox 1074 3196 1209 3255; x_wconf 83' lang='lat' dir='ltr'><em>constat</em></span> <span class='ocrx_word' id='word_1_168' title='bbox 1234 3211 1276 3254; x_wconf 86' lang='lat' dir='ltr'><em>ex</em></span> <span class='ocrx_word' id='word_1_169' title='bbox 1302 3185 1418 3252; x_wconf 85' lang='lat' dir='ltr'><em>relatis</em></span> 
     </span>
     <span class='ocr_line' id='line_1_25' title="bbox 293 3300 1418 3390; baseline -0.001 -23"><span class='ocrx_word' id='word_1_170' title='bbox 293 3327 411 3390; x_wconf 84' lang='lat' dir='ltr'><em>supra,</em></span> <span class='ocrx_word' id='word_1_171' title='bbox 438 3326 472 3368; x_wconf 89' lang='lat' dir='ltr'><em>n.</em></span> <span class='ocrx_word' id='word_1_172' title='bbox 502 3305 540 3386; x_wconf 86' lang='lat'><em>1,</em></span> <span class='ocrx_word' id='word_1_173' title='bbox 566 3304 611 3384; x_wconf 79' lang='lat'><em>3⁰,</em></span> <span class='ocrx_word' id='word_1_174' title='bbox 633 3304 747 3368; x_wconf 88' lang='lat' dir='ltr'><em>verbis</em></span> <span class='ocrx_word' id='word_1_175' title='bbox 771 3306 805 3370; x_wconf 87' lang='lat' dir='ltr'><em>S.</em></span> <span class='ocrx_word' id='word_1_176' title='bbox 833 3304 933 3370; x_wconf 85' lang='lat' dir='ltr'><em>Pauli</em></span> <span class='ocrx_word' id='word_1_177' title='bbox 955 3306 998 3370; x_wconf 87' lang='lat' dir='ltr'><em>ed</em></span> <span class='ocrx_word' id='word_1_178' title='bbox 1021 3305 1268 3370; x_wconf 83' lang='lat' dir='ltr'><em>Timotheum:</em></span> <span class='ocrx_word' id='word_1_179' title='bbox 1297 3329 1313 3362; x_wconf 73' lang='grc' dir='ltr'>α</span> <span class='ocrx_word' id='word_1_180' title='bbox 1339 3300 1418 3366; x_wconf 88' lang='lat' dir='ltr'><em>Noli</em></span> 
     </span>
     <span class='ocr_line' id='line_1_26' title="bbox 292 3416 1418 3504; baseline -0.002 -24"><span class='ocrx_word' id='word_1_181' title='bbox 292 3416 465 3504; x_wconf 81' lang='lat' dir='ltr'><em>negligere</em></span> <span class='ocrx_word' id='word_1_182' title='bbox 483 3418 693 3502; x_wconf 56' lang='lat' dir='ltr'><em>qratiam...</em></span> <span class='ocrx_word' id='word_1_183' title='bbox 720 3426 759 3484; x_wconf 88' lang='lat' dir='ltr'><em>ut</em></span> <span class='ocrx_word' id='word_1_184' title='bbox 780 3419 961 3484; x_wconf 84' lang='lat' dir='ltr'><em>resuscites</em></span> <span class='ocrx_word' id='word_1_185' title='bbox 989 3420 1138 3504; x_wconf 71' lang='lat' dir='ltr'><em>qratiam</em></span> <span class='ocrx_word' id='word_1_186' title='bbox 1163 3417 1242 3494; x_wconf 84' lang='lat' dir='ltr'><em>Dei,</em></span> <span class='ocrx_word' id='word_1_187' title='bbox 1267 3439 1342 3504; x_wconf 75' lang='lat' dir='ltr'><em>quen</em></span> <span class='ocrx_word' id='word_1_188' title='bbox 1366 3421 1418 3479; x_wconf 82' lang='lat' dir='ltr'><em>est</em></span> 
     </span>
     <span class='ocr_line' id='line_1_27' title="bbox 293 3529 1416 3619; baseline -0.002 -26"><span class='ocrx_word' id='word_1_189' title='bbox 293 3531 326 3594; x_wconf 92' lang='lat' dir='ltr'><em>in</em></span> <span class='ocrx_word' id='word_1_190' title='bbox 356 3536 390 3596; x_wconf 86' lang='lat' dir='ltr'><em>te</em></span> <span class='ocrx_word' id='word_1_191' title='bbox 414 3554 474 3618; x_wconf 88' lang='lat' dir='ltr'><em>per</em></span> <span class='ocrx_word' id='word_1_192' title='bbox 499 3531 750 3619; x_wconf 89' lang='lat' dir='ltr'><em>impositionem</em></span> <span class='ocrx_word' id='word_1_193' title='bbox 779 3555 940 3598; x_wconf 87' lang='lat' dir='ltr'><em>manuum</em></span> <span class='ocrx_word' id='word_1_194' title='bbox 967 3555 1130 3598; x_wconf 80' lang='lat' dir='ltr'><em>mearum.</em></span> <span class='ocrx_word' id='word_1_195' title='bbox 1161 3559 1176 3592; x_wconf 86' lang='lat'>»</span> <span class='ocrx_word' id='word_1_196' title='bbox 1202 3530 1297 3595; x_wconf 86' lang='lat' dir='ltr'><em>Licet</em></span> <span class='ocrx_word' id='word_1_197' title='bbox 1327 3529 1416 3593; x_wconf 90' lang='lat' dir='ltr'><em>enim</em></span> 
     </span>
     <span class='ocr_line' id='line_1_28' title="bbox 292 3644 1416 3741; baseline 0.001 -33"><span class='ocrx_word' id='word_1_198' title='bbox 292 3668 360 3708; x_wconf 83' lang='lat' dir='ltr'><em>vox</em></span> <span class='ocrx_word' id='word_1_199' title='bbox 392 3667 501 3731; x_wconf 82' lang='lat' dir='ltr'><em>graeca</em></span> <span class='ocrx_word' id='word_1_200' title='bbox 534 3669 552 3708; x_wconf 88' lang='lat' dir='ltr'><em>a</em></span> <span class='ocrx_word' id='word_1_201' title='bbox 583 3646 618 3710; x_wconf 90' lang='lat' dir='ltr'><em>S.</em></span> <span class='ocrx_word' id='word_1_202' title='bbox 650 3646 757 3711; x_wconf 84' lang='lat' dir='ltr'><em>Paulo</em></span> <span class='ocrx_word' id='word_1_203' title='bbox 789 3644 955 3726; x_wconf 82' lang='lat' dir='ltr'><em>adhibite,</em></span> <span class='ocrx_word' id='word_1_204' title='bbox 989 3669 1110 3734; x_wconf 89' lang='lat' dir='ltr'><em>nempe</em></span> <span class='ocrx_word' id='word_1_205' title='bbox 1140 3655 1296 3741; x_wconf 68' lang='grc' dir='ltr'>χάρισμα,</span> <span class='ocrx_word' id='word_1_206' title='bbox 1328 3665 1416 3730; x_wconf 79' lang='lat' dir='ltr'><em>saepe</em></span> 
     </span>
     <span class='ocr_line' id='line_1_29' title="bbox 292 3747 1462 3848; baseline 0.001 -28"><span class='ocrx_word' id='word_1_207' title='bbox 292 3757 461 3844; x_wconf 81' lang='lat' dir='ltr'><em>significet</em></span> <span class='ocrx_word' id='word_1_208' title='bbox 480 3759 623 3846; x_wconf 86' lang='lat' dir='ltr'><em>gratiam</em></span> <span class='ocrx_word' id='word_1_209' title='bbox 638 3761 748 3846; x_wconf 73' lang='lat' dir='ltr'><em>pratis</em></span> <span class='ocrx_word' id='word_1_210' title='bbox 767 3762 882 3824; x_wconf 81' lang='lat' dir='ltr'><em>datam</em></span> <span class='ocrx_word' id='word_1_211' title='bbox 888 3811 899 3845; x_wconf 96' lang='lat'><em>,</em></span> <span class='ocrx_word' id='word_1_212' title='bbox 916 3759 1098 3848; x_wconf 83' lang='lat' dir='ltr'><em>aliquando</em></span> <span class='ocrx_word' id='word_1_213' title='bbox 1117 3767 1232 3824; x_wconf 86' lang='lat' dir='ltr'><em>tamen</em></span> <span class='ocrx_word' id='word_1_214' title='bbox 1249 3747 1417 3845; x_wconf 84' lang='lat' dir='ltr'><em>significet</em></span> <span class='ocrx_word' id='word_1_215' title='bbox 1456 3825 1462 3836; x_wconf 58' lang='grc'>,</span> 
     </span>
     <span class='ocr_line' id='line_1_30' title="bbox 292 3873 1413 3961; baseline 0.001 -26"><span class='ocrx_word' id='word_1_216' title='bbox 292 3873 435 3957; x_wconf 75' lang='lat' dir='ltr'><em>gratiam</em></span> <span class='ocrx_word' id='word_1_217' title='bbox 467 3873 601 3961; x_wconf 90' lang='lat' dir='ltr'><em>proprie</em></span> <span class='ocrx_word' id='word_1_218' title='bbox 636 3874 779 3954; x_wconf 87' lang='lat' dir='ltr'><em>dictam,</em></span> <span class='ocrx_word' id='word_1_219' title='bbox 811 3897 872 3940; x_wconf 89' lang='lat' dir='ltr'><em>seu</em></span> <span class='ocrx_word' id='word_1_220' title='bbox 901 3883 1042 3960; x_wconf 70' lang='lat' dir='ltr'><em>pretam</em></span> <span class='ocrx_word' id='word_1_221' title='bbox 1069 3875 1267 3960; x_wconf 82' lang='lat' dir='ltr'><em>ferientem,</em></span> <span class='ocrx_word' id='word_1_222' title='bbox 1299 3897 1332 3938; x_wconf 86' lang='lat' dir='ltr'><em>v.</em></span> <span class='ocrx_word' id='word_1_223' title='bbox 1364 3895 1413 3958; x_wconf 86' lang='lat' dir='ltr'><em>g.,</em></span> 
     </span>
    </p>
   </div>
   <div class='ocr_carea' id='block_1_4' title="bbox 292 4075 1415 4138">
    <p class='ocr_par' dir='ltr' id='par_1_8' title="bbox 292 4075 1415 4138">
     <span class='ocr_line' id='line_1_31' title="bbox 292 4075 1415 4138; baseline 0.002 -16"><span class='ocrx_word' id='word_1_224' title='bbox 292 4075 386 4124; x_wconf 86' lang='lat' dir='ltr'><em>Plures</em></span> <span class='ocrx_word' id='word_1_225' title='bbox 400 4076 468 4124; x_wconf 82' lang='lat' dir='ltr'><em>elios</em></span> <span class='ocrx_word' id='word_1_226' title='bbox 483 4077 566 4125; x_wconf 82' lang='lat' dir='ltr'><em>reteri</em></span> <span class='ocrx_word' id='word_1_227' title='bbox 579 4075 706 4136; x_wconf 76' lang='lat' dir='ltr'><em>Ferreae,</em></span> <span class='ocrx_word' id='word_1_228' title='bbox 718 4076 756 4125; x_wconf 89' lang='lat' dir='ltr'><em>De</em></span> <span class='ocrx_word' id='word_1_229' title='bbox 770 4077 875 4136; x_wconf 84' lang='lat' dir='ltr'><em>ordine,</em></span> <span class='ocrx_word' id='word_1_230' title='bbox 892 4094 918 4126; x_wconf 90' lang='lat' dir='ltr'><em>n.</em></span> <span class='ocrx_word' id='word_1_231' title='bbox 935 4081 974 4136; x_wconf 79' lang='grc'><em>59,</em></span> <span class='ocrx_word' id='word_1_232' title='bbox 990 4077 1032 4126; x_wconf 90' lang='lat' dir='ltr'><em>ed.</em></span> <span class='ocrx_word' id='word_1_233' title='bbox 1049 4077 1106 4136; x_wconf 69' lang='lat' dir='ltr'><em>cit,</em></span> <span class='ocrx_word' id='word_1_234' title='bbox 1120 4092 1146 4138; x_wconf 89' lang='lat' dir='ltr'><em>p.</em></span> <span class='ocrx_word' id='word_1_235' title='bbox 1163 4080 1217 4125; x_wconf 70' lang='lat'>⁴56.</span> <span class='ocrx_word' id='word_1_236' title='bbox 1231 4103 1262 4112; x_wconf 91' lang='lat'><strong>—</strong></span> <span class='ocrx_word' id='word_1_237' title='bbox 1277 4075 1318 4124; x_wconf 85' lang='lat' dir='ltr'><em>Itu</em></span> <span class='ocrx_word' id='word_1_238' title='bbox 1333 4076 1415 4125; x_wconf 81' lang='lat' dir='ltr'><em>eiiam</em></span> 
     </span>
    </p>
   </div>
   <div class='ocr_carea' id='block_1_5' title="bbox 201 4153 1414 4218">
    <p class='ocr_par' dir='ltr' id='par_1_9' title="bbox 201 4153 1414 4218">
     <span class='ocr_line' id='line_1_32' title="bbox 201 4153 1414 4218; baseline 0.002 -18"><span class='ocrx_word' id='word_1_239' title='bbox 201 4207 205 4215; x_wconf 90' lang='lat'><em>.</em></span> <span class='ocrx_word' id='word_1_240' title='bbox 291 4155 370 4202; x_wconf 71' lang='lat' dir='ltr'><em>InodIe</em></span> <span class='ocrx_word' id='word_1_241' title='bbox 383 4154 587 4212; x_wconf 83' lang='lat' dir='ltr'><em>Wordsworth,</em></span> <span class='ocrx_word' id='word_1_242' title='bbox 602 4155 657 4204; x_wconf 81' lang='lat' dir='ltr'><em>The</em></span> <span class='ocrx_word' id='word_1_243' title='bbox 667 4153 795 4218; x_wconf 75' lang='lat' dir='ltr'><em>Ministry</em></span> <span class='ocrx_word' id='word_1_244' title='bbox 811 4155 844 4217; x_wconf 81' lang='lat' dir='ltr'><em>of</em></span> <span class='ocrx_word' id='word_1_245' title='bbox 856 4157 949 4212; x_wconf 84' lang='lat' dir='ltr'><em>Gracc,</em></span> <span class='ocrx_word' id='word_1_246' title='bbox 964 4171 986 4204; x_wconf 86' lang='lat' dir='ltr'><em>c.</em></span> <span class='ocrx_word' id='word_1_247' title='bbox 1002 4171 1028 4214; x_wconf 88' lang='lat' dir='ltr'><em>n,</em></span> <span class='ocrx_word' id='word_1_248' title='bbox 1045 4155 1167 4214; x_wconf 88' lang='lat' dir='ltr'><em>Londcn,</em></span> <span class='ocrx_word' id='word_1_249' title='bbox 1179 4159 1248 4214; x_wconf 78' lang='lat'><em>190³,</em></span> <span class='ocrx_word' id='word_1_250' title='bbox 1265 4171 1292 4218; x_wconf 91' lang='lat' dir='ltr'><em>p.</em></span> <span class='ocrx_word' id='word_1_251' title='bbox 1306 4157 1352 4202; x_wconf 75' lang='grc'><em>143</em></span> <span class='ocrx_word' id='word_1_252' title='bbox 1363 4169 1414 4217; x_wconf 56' lang='lat' dir='ltr'><em>sq„</em></span> 
     </span>
    </p>
   </div>
   <div class='ocr_carea' id='block_1_6' title="bbox 294 4237 391 4295">
    <p class='ocr_par' dir='ltr' id='par_1_10' title="bbox 294 4237 391 4295">
     <span class='ocr_line' id='line_1_33' title="bbox 294 4237 391 4295; baseline -0.01 -15"><span class='ocrx_word' id='word_1_253' title='bbox 294 4237 336 4280; x_wconf 75' lang='lat'><em>158</em></span> <span class='ocrx_word' id='word_1_254' title='bbox 351 4249 391 4295; x_wconf 79' lang='lat' dir='ltr'><em>sq.</em></span> 
     </span>
    </p>
   </div>
   <div class='ocr_carea' id='block_1_7' title="bbox 0 0 1640 5050">
    <p class='ocr_par' dir='ltr' id='par_1_11' title="bbox 0 0 1640 5050">
     <span class='ocr_line' id='line_1_34' title="bbox 0 0 1640 5050; baseline 0 3"><span class='ocrx_word' id='word_1_255' title='bbox 0 0 1640 5050; x_wconf 95' lang='lat' dir='ltr'><em> </em></span> 
     </span>
    </p>
   </div>
  </div>
 </body>
</html>
