3248 5052
337 501 389 552 blo
694 499 737 549 bs
756 497 860 548 SACRA
879 498 1106 548 unutnastons

338 642 409 714 lati,
434 661 508 701 sesa.
526 639 648 714 XXlll,
670 659 738 720 cap.
757 659 801 712 rx,
826 637 873 697 Ds
894 659 972 712 aar,
997 637 1179 698 familiarem
1199 639 1384 718 praedictum
1407 655 1465 720 per

338 739 493 816 integrum
509 745 540 797 et
560 736 750 817 completum
771 735 939 794 triennium
954 735 986 793 in
1004 755 1061 794 suo
1079 735 1191 794 actuali
1210 736 1338 795 servitio
1356 757 1462 796 secum
1526 727 1532 736 ’

338 835 500 894 retinuerit
516 855 551 894 ac
567 833 631 894 suis
650 832 827 914 sumptibus
842 831 966 904 aluerit,
989 831 1173 890 beneficium
1190 833 1318 912 insuper
1331 833 1418 914 quod
1434 835 1461 892 ei

336 931 487 992 advitam
508 927 742 990 sustentandam
759 929 850 1008 juxte
870 927 997 988 modum
1013 928 1156 1009 superius
1176 929 1380 1008 praefinitum,
1398 929 1462 988 sul-

337 1029 434 1100 ficiat,
451 1047 647 1107 quacumque
663 1024 771 1085 fraude
786 1032 942 1096 cessante,
960 1023 1080 1098 statim,
1097 1023 1157 1084 boc
1172 1031 1234 1098 est,
1251 1025 1361 1084 saltem
1380 1026 1460 1085 intra

337 1125 504 1184 terminum
521 1124 613 1182 unius
629 1122 743 1181 mensis
758 1141 775 1180 a
790 1121 841 1179 die
857 1120 946 1180 lactee
962 1119 1181 1194 ordinationis,
1198 1142 1232 1180 re
1247 1121 1312 1202 ipsa
1329 1121 1372 1180 illi
1388 1143 1460 1182 con-

338 1221 433 1295 lerat,
457 1220 545 1280 acin
570 1217 775 1278 ordinationis
799 1215 978 1298 hujusmodi
1004 1217 1184 1276 testimonio
1208 1233 1385 1298 expressam
1410 1219 1460 1276 iti-

337 1317 407 1377 dem
423 1315 642 1376 familiaritatis
657 1335 693 1374 ac
711 1314 885 1372 litterarum
906 1311 1125 1392 praedictarum
1147 1313 1337 1372 mentionem
1359 1314 1459 1374 lacere

338 1421 490 1474 teneatur.

376 1514 391 1586 ξ
412 1513 441 1570 7.
463 1507 572 1578 Porro,
594 1515 628 1566 ut
650 1507 840 1588 quicumque
865 1504 1027 1567 fraudibus
1052 1505 1154 1564 aditus
1178 1507 1306 1566 omnino
1330 1506 1459 1588 praeclu-

336 1606 439 1682 datur,
456 1603 601 1664 volumus
621 1611 652 1662 et
668 1601 837 1683 apostolica
854 1601 1041 1661 auctoritate
1060 1602 1226 1661 statuimus
1245 1611 1340 1684 atque
1354 1603 1459 1662 decer-

286 1703 289 1710 ’
337 1703 453 1774 nimus,
471 1708 505 1760 ut
520 1701 685 1780 episcopus
700 1697 833 1778 quilibet
854 1719 927 1757 suos
947 1698 1067 1757 ratione
1087 1699 1216 1776 originis
1231 1699 1297 1758 sive
1311 1699 1458 1759 domicilii

335 1797 477 1858 subditos
492 1797 622 1856 clericos
637 1816 863 1877 quoscumque,
880 1794 919 1854 ab
934 1793 1042 1854 alienis
1058 1795 1211 1874 episcopis
1227 1795 1337 1873 quavis
1351 1803 1458 1855 aucto-

335 1895 442 1968 ritate,
459 1893 553 1952 etiam
573 1913 643 1952 cum
665 1893 728 1951 suis
746 1889 1007 1950 commendatitiis
1023 1889 1134 1949 litteris
1149 1899 1327 1970 promotos,
1344 1891 1458 1952 nedum

334 1990 371 2050 ad
390 1991 519 2050 lormam
536 1989 659 2048 concilii
675 1987 849 2047 Tridentini
865 1985 1051 2067 supradicti,
1068 2007 1143 2046 sess.
1159 1986 1243 2060 xtv,
1261 2008 1328 2069 cap.
1346 2009 1394 2060 m,
1413 1987 1458 2047 Ds

334 2109 412 2160 nan,
433 2087 537 2168 quoad
558 2087 718 2146 scientiam
738 2085 916 2145 examinare
936 2085 1052 2156 valeat,
1071 2105 1180 2144 verum
1200 2087 1293 2146 etiam
1315 2086 1457 2146 ordinum

334 2185 378 2244 eis
393 2184 579 2244 collatorum
596 2181 820 2242 testimoniales
836 2181 967 2254 litteras,
984 2181 1080 2259 gratis
1097 2189 1210 2254 tamen,
1225 2203 1457 2261 recognoscere,

333 2301 369 2340 ac
388 2279 555 2358 diligenter
575 2279 770 2360 perquirere,
792 2298 831 2336 an
851 2275 954 2357 quoad
980 2275 1050 2336 illos
1075 2278 1237 2358 praesentis
1261 2279 1459 2338 constitutio-

334 2377 381 2435 nis
403 2377 502 2436 lorma
518 2383 548 2434 et
569 2375 732 2454 dispositio
753 2373 921 2453 adimpleta
943 2371 1052 2444 luerit,
1075 2373 1232 2452 assignato
1250 2375 1293 2434 sic
1308 2375 1460 2456 promotis

336 2473 468 2532 termino
485 2471 675 2551 competenti
690 2471 717 2529 ei
733 2470 830 2548 magis
846 2469 994 2528 beneviso
1009 2469 1048 2528 ad
1061 2468 1237 2529 docendum
1252 2470 1290 2529 de
1306 2471 1460 2550 ejusmodi

333 2568 593 2648 adimplemento,
611 2567 652 2626 ita
669 2573 704 2625 ut
718 2587 796 2647 quos
812 2585 850 2625 eo
870 2565 1004 2624 termino
1024 2565 1130 2645 elapso
1146 2565 1176 2624 id
1198 2567 1324 2625 minime
1339 2568 1462 2647 praesti-

333 2667 407 2724 tisse
422 2664 587 2744 comperit,
604 2683 620 2722 a
636 2669 853 2742 susceptorum
870 2660 1015 2720 ordinum
1031 2661 1191 2732 exercitio,
1208 2663 1233 2720 si
1250 2663 1291 2722 ita
1306 2672 1337 2722 et
1352 2683 1461 2742 quam·

258 2837 261 2845 1
332 2761 385 2820 diu
406 2761 432 2819 ei
454 2759 599 2839 expedire
620 2757 753 2830 videbit,
771 2756 978 2837 suspendere,
999 2755 1138 2838 illisque,
1155 2777 1193 2816 ne
1208 2757 1239 2816 in
1254 2758 1344 2817 altari
1359 2767 1414 2818 aut
1429 2760 1460 2818 in

333 2858 437 2938 aliquo
453 2855 563 2916 ordine
578 2855 771 2926 ministrent,
788 2852 975 2912 interdicere
991 2853 1098 2933 possit.

373 2955 432 3030 §8-
450 2951 496 3010 lta
512 2971 586 3010 vero
600 2951 758 3030 praemissa
775 2950 878 3008 omnia
894 2956 925 3008 et
941 2949 1060 3028 singula
1077 2957 1231 3030 perpetuo
1246 2971 1281 3010 ac
1296 2951 1463 3010 inviolabi-

333 3049 405 3108 liter
426 3046 587 3106 observari
610 3055 703 3126 atque
724 3045 888 3126 adimpleri
910 3045 1070 3114 volumus,
1095 3053 1129 3104 ut
1151 3047 1176 3105 si
1199 3047 1274 3127 quid
1296 3047 1327 3106 in
1350 3047 1461 3108 iisdem

334 3144 513 3226 praemissis,
531 3164 584 3202 seu
601 3163 708 3202 eorum
725 3141 830 3222 aliquo
846 3161 935 3200 secus
951 3141 1014 3214 fiat,
1033 3141 1181 3202 ordinans
1196 3143 1320 3222 quidem
1335 3164 1352 3202 a
1367 3143 1463 3204 colla·

334 3242 419 3300 tione
438 3240 582 3299 ordinum
604 3259 659 3319 per
678 3257 811 3314 annum,
828 3237 990 3297 ordinatus
1005 3257 1080 3298 vero
1102 3259 1119 3298 a
1139 3247 1354 3318 susceptorum
1376 3240 1463 3299 ordi-

335 3357 409 3396 num
425 3337 636 3410 exsecutione,
649 3333 797 3416 quamdiu
812 3334 938 3414 proprio
952 3333 1117 3393 Ordinario
1131 3333 1288 3394 videbitur
1300 3336 1463 3416 expedire,

335 3453 372 3492 eo
394 3433 462 3513 ipso
486 3451 656 3512 suspensus
678 3431 734 3504 sit,
758 3429 888 3510 aliisque
911 3430 1039 3510 insuper
1059 3431 1255 3508 gravioribus
1277 3432 1378 3512 poenis
1405 3454 1466 3514 pro

337 3528 430 3588 modo
445 3527 545 3608 culpae
562 3527 677 3586 Nostro
694 3533 725 3586 et
739 3547 796 3606 pro
816 3533 957 3605 tempore
974 3526 1136 3586 existentis
1152 3525 1285 3587 Romani
1301 3527 1467 3590 Pontificis

336 3624 465 3686 arbitrio
482 3622 657 3702 infligendis
674 3630 805 3702 uterque
822 3621 992 3702 subjaceat.

376 3723 391 3798 ξ
414 3721 443 3780 9.
471 3720 683 3778 Decernentes
709 3717 826 3798 pariter
852 3716 974 3776 easdem
1000 3727 1170 3798 praesentes
1196 3719 1315 3781 litteras
1339 3742 1470 3802 semper

335 3817 455 3889 firmas,
473 3814 591 3874 validas
607 3822 638 3872 et
653 3813 795 3874 efficaces
815 3813 948 3872 existere
963 3821 995 3872 et
1010 3814 1094 3888 lore,
1112 3837 1246 3897 suosque
1261 3817 1419 3896 plenarios
1436 3828 1466 3878 et

335 3913 473 3991 integros
489 3911 616 3970 ellectus
632 3910 736 3970 sortiri
756 3919 787 3970 et
802 3907 959 3983 obtinere,
977 3931 1012 3970 ac
1037 3911 1075 3971 ab
1095 3911 1156 3971 illis
1175 3911 1214 3972 ad
1229 3933 1307 3993 quos
1325 3922 1467 3994 spectat,

335 4017 366 4068 et
393 4029 450 4089 pro
475 4016 616 4088 tempore
641 4007 902 4087 quandocumque
929 4007 1100 4087 spectabit,
1126 4009 1158 4066 in
1183 4008 1328 4068 omnibus
1352 4017 1385 4069 et
1410 4031 1471 4091 per

335 4105 438 4164 omnia
455 4103 632 4185 plenissime
648 4111 680 4162 et
694 4101 918 4163 inviolabiliter
933 4103 1102 4163 observari.
1119 4104 1232 4184 Sicque
1247 4111 1279 4163 et
1294 4125 1357 4164 non
1373 4107 1471 4168 aliter

335 4222 391 4281 per
405 4219 619 4282 quoscumque
631 4193 753 4280 judibes
769 4198 944 4260 ordinarios
960 4205 991 4258 et
1003 4197 1175 4279 delegatoS,
1190 4201 1283 4260 etiam
1297 4221 1471 4265 causarum

335 4296 442 4377 palatii
457 4294 618 4376 apostolici
634 4295 805 4368 auditores,
822 4315 858 4355 ac
873 4294 998 4356 eosdem
1015 4295 1046 4356 S.
1061 4295 1098 4356 R.
1115 4296 1149 4358 Ε.
1168 4295 1353 4366 cardinales,
1368 4299 1470 4362 etiam
