3270 5050
358 415 476 466 suunt
495 415 670 466 DOCTRINAE
689 413 881 466 CATIIOLICAE
900 414 944 464 DE
964 413 1143 466 ORDINIBUS
1298 417 1313 466 5
1381 384 1383 390 Ι

190 557 346 624 fidelibus
370 559 518 624 discerni
540 567 699 647 posseut;
727 558 813 622 ritus
836 564 950 623 eutem
976 557 1031 622 hie
1056 557 1121 623 fuit
1146 559 1314 644 impositio

189 695 371 756 munuum,
392 678 431 738 ut
450 678 585 737 constat
606 672 690 760 ipsis
710 671 815 736 sacris
834 671 986 736 Litteris,
1009 670 1088 737 Sic:

230 810 262 851 e.
286 786 466 872 Legimus,
483 787 578 865 Aet,
595 806 666 864 xm,
685 786 727 852 3:
748 811 764 845 (ν
780 785 875 850 Tunc
890 784 1098 872 jejunantes,
1116 791 1150 850 et
1166 795 1312 870 orentes,

188 901 464 985 imponentesque
480 901 527 964 eis
547 922 668 994 monus
684 893 844 988 (ἐπιθέντες
861 894 919 970 τὰς
938 908 1042 986 χεῖρας
1061 893 1194 987 αὐτοῖς),
1217 899 1314 964 dimi-

187 1019 307 1077 serunt
325 1011 423 1094 illos3
449 1041 465 1074 ν
485 1013 598 1100 egitur
617 1013 670 1078 hie
691 1014 732 1078 de
748 1013 960 1078 ordinatione
972 991 1070 1078 Pauli
1085 1021 1119 1079 et
1137 1013 1310 1078 Barnabm.

231 1128 265 1191 h.
293 1128 483 1208 Aet.‚x1v,
514 1126 585 1193 22:
615 1153 638 1187 ν(
665 1126 809 1192 Etcum
838 1126 1097 1192 constituissent
1127 1125 1180 1216 (in
1204 1150 1313 1214 graeco

186 1240 330 1306 habetur
348 1239 628 1331 χειροτονήσαντες)
652 1241 722 1306 illis
741 1264 802 1329 per
822 1233 975 1328 singulas
994 1239 1155 1306 ecclesias
1174 1241 1314 1330 presby-

185 1363 294 1435 teros,
317 1363 352 1420 et
370 1363 527 1420 orassent
546 1379 624 1420 cum
638 1354 926 1444 jejunationibus,
950 1383 966 1416 ν
988 1363 1053 1420 etc.
1326 1335 1327 1338 Ἴ

230 1492 259 1534 e.
282 1467 297 1532 I
317 1469 419 1550 Tim,
441 1491 485 1552 rv,
510 1469 568 1552 II,
586 1468 620 1534 S.
644 1469 771 1534 Paulus
790 1468 838 1534 eit
857 1467 1057 1534 Timotheo:
1077 1467 1188 1532 «Noli
1207 1467 1314 1555 negli-

183 1605 266 1669 gere
290 1583 452 1670 gratiam,
479 1607 555 1672 ques
578 1583 613 1647 in
637 1591 671 1649 te
696 1590 764 1663 est,
787 1607 862 1672 quse
886 1583 965 1648 data
989 1588 1042 1646 est
1066 1579 1129 1646 tibi
1151 1604 1212 1670 per
1235 1605 1314 1669 pro-

183 1697 356 1784 phetiam,
381 1721 459 1761 cum
483 1697 695 1783 impositione
719 1719 884 1774 manuum
903 1695 1129 1782 presbyterii,
1152 1691 1231 1783 μετὰ
1250 1690 1314 1756 ἐπι-

183 1807 291 1882 θέσεως
310 1819 372 1872 τῶν
391 1819 497 1900 χειρῶν
517 1817 571 1872 τοῦ
590 1801 816 1899 πρεσῧυτερίευ.
837 1839 853 1873 ν
866 1810 1050 1876 -Iterum
1065 1817 1182 1875 monet
1200 1809 1310 1891 illum,

185 1924 216 1988 II
242 1925 345 2006 Tim,
368 1947 395 2004 1,
417 1925 463 1990 6:
487 1953 502 1986 u
526 1924 706 1992 Admoneo
727 1932 779 2008 te,
799 1932 839 1990 ut
862 1925 1046 1991 resuscites
1066 1925 1210 2012 gratiam
1231 1923 1309 2004 Dei,

184 2063 261 2127 quae
281 2045 333 2104 est
349 2041 383 2104 in
402 2047 436 2105 te
451 2062 516 2126 per
536 2040 783 2126 impositionem
799 2063 965 2105 manuum
986 2063 1152 2124 meorum,
1179 2027 1233 2100 διὰ
1255 2042 1312 2110 τῆς

183 2147 341 2226 ἐπιθέσεως
359 2161 421 2214 τῶν
437 2161 544 2241 χειρῶν
560 2175 631 2240 μου.
658 2181 674 2215 ν
690 2153 847 2220 -Unde
867 2153 971 2220 etiam
990 2154 1038 2220 aii
1057 2153 1128 2219 illi:
1153 2179 1170 2214 ν(
1186 2152 1312 2216 Munus

182 2267 251 2332 cito
275 2267 404 2332 nemini
429 2268 645 2354 imposueris,
666 2277 815 2356 χεῖρας...
837 2262 974 2330 ἐπιτίθει.
1002 2295 1017 2329 ν
1038 2267 1053 2332 I
1072 2268 1174 2349 Tim,
1196 2288 1231 2348 v,
1253 2266 1308 2332 22.

181 2419 227 2432 -
247 2383 345 2446 Hunc
364 2404 464 2471 porro
484 2405 647 2447 manuum
665 2382 936 2470 impositionem,
958 2405 1033 2470 quae
1052 2388 1172 2470 postea
1190 2389 1311 2446 vocatu

180 2495 249 2562 suit
268 2500 454 2584 χειρεντονίεε,
474 2519 534 2561 seu
553 2491 720 2584 χειρεθεσία
729 2501 751 2580 ¹,
772 2496 917 2561 dicimus
936 2497 1195 2562 ordinationem.

228 2611 263 2674 4⁰
286 2609 393 2696 Igitur
415 2609 615 2698 praediotum
640 2610 884 2693 sacerdotium,
906 2609 1136 2698 complectens
1159 2615 1310 2697 potestu-

180 2733 252 2789 tem
279 2725 499 2790 consecrandi
523 2747 646 2813 eorpus
673 2733 707 2790 et
732 2725 934 2810 sauguinem
959 2724 1112 2806 Domini,
1139 2729 1174 2789 et
1196 2745 1308 2788 sacra·

180 2845 297 2904 mente
317 2838 594 2920 administrandi,
617 2861 683 2904 non
703 2841 861 2904 omnibus
878 2839 1037 2924 fidelihus
1055 2839 1230 2924 competit,
1251 2840 1309 2900 sed

178 2953 261 3018 sotis
281 2953 345 3017 rite
360 2953 537 3018 ordinetis.
554 2991 598 3002 --
613 2953 714 3019 Patet
729 2953 907 3018 manifeste
925 2976 966 3019 ex
981 2953 1097 3032 dictis;
1115 2975 1194 3016 nam
1211 2949 1307 3016 Chri-

179 3075 255 3132 stus
275 3067 358 3131 soIis
377 3067 541 3154 apostolis
560 3067 647 3132 hanc
671 3075 876 3155 potestatem
895 3065 1030 3148 tribuit,
1053 3065 1178 3154 illeque
1197 3066 1307 3153 impo-

179 3181 259 3246 sitio
289 3203 469 3263 meuuum,
496 3203 562 3269 qua
589 3181 752 3268 praedictu
779 3189 932 3269 potestas
961 3179 1208 3262 conferebatur,
1237 3202 1306 3244 non

178 3293 339 3360 omnibus
371 3293 525 3376 debatur,
564 3296 624 3360 sed
656 3296 791 3384 paneis,
826 3303 860 3362 et
893 3303 1008 3378 ceute,
1043 3295 1142 3383 juxta
1176 3294 1304 3360 monitu

179 3410 221 3474 D.
239 3408 511 3474 Pauli-Unde
530 3408 716 3475 declaravit
736 3433 831 3477 conc.
854 3410 961 3492 Trid,
976 3433 1049 3498 cap.
1067 3407 1246 3492 Quoniam,
1268 3411 1300 3489 t,

178 3546 264 3588 sese.
287 3521 417 3605 XXIII,
440 3523 492 3588 Dn
511 3544 651 3591 numus:
674 3551 690 3584 ν(
707 3521 807 3601 Quod
827 3525 855 3589 si
875 3523 953 3613 quis
972 3546 1086 3588 omnes
1101 3524 1303 3588 christianos

171 3637 367 3723 promiscue
381 3637 469 3701 Novi
491 3637 694 3702 Testamenti
708 3639 896 3702 secerdotes
914 3659 997 3722 esse,
1015 3647 1076 3704 eut
1095 3661 1208 3702 omnes
1222 3640 1303 3723 peri

208 3840 217 3872 ¹
235 3838 396 3900 Quanquam
410 3839 468 3886 hoec
485 3839 540 3886 duo
555 3837 687 3886 vocabule
702 3853 756 3887 uon
776 3839 899 3888 eamdem
917 3840 1028 3888 omniuo
1043 3837 1098 3888 vim
1113 3840 1229 3900 heheut3
1249 3854 1302 3888 vox

174 3917 248 3964 euim
273 3919 419 3982 χειροθεσία
439 3916 585 3978 aliquando
608 3916 731 3967 adhibita
750 3922 792 3967 est
815 3919 850 3966 ad
874 3919 1064 3982 significandus
1085 3919 1152 3967 alins
1172 3933 1301 3967 manuum

176 3993 381 4057 impositi0ues,
396 4011 422 4042 v.
440 4009 476 4058 g„
490 3994 692 4056 impositionem
711 4010 839 4044 munuum
861 3996 888 4045 in
901 3996 1091 4060 poenitentium
1107 3998 1149 4046 vel
1169 3996 1197 4045 in
1211 3995 1299 4059 Spiri-

175 4075 234 4120 tum
249 4073 390 4130 sanetum·
405 4072 439 4121 ct.
458 4071 609 4132 Mortuum,
620 4072 659 4121 De
673 4073 760 4122 sacris
773 4073 901 4125 Ecclesioe
915 4063 1149 4133 ordinationibus,
1164 4078 1234 4138 pert.
1251 4073 1298 4132 III,

174 4150 336 4198 exercitatio
351 4167 368 4208 r,
384 4165 408 4198 e.
425 4163 455 4208 rr;
472 4151 631 4200 exercitatio
644 4167 669 4206 ν,
683 4167 759 4213 exn,
774 4159 826 4200 n.9
842 4155 1237 4217 sq.;Antuerpiae',1695,purt.
1252 4151 1299 4210 ur,

175 4245 202 4291 p.
218 4233 262 4287 10,
280 4233 320 4276 st.
334 4257 361 4264 -
377 4229 417 4278 cf.
429 4229 510 4277 etium
525 4229 608 4288 intre,
624 4245 650 4276 n.
665 4230 713 4281 It).
