3248 5052
646 1267 1006 1336 DOCUMENTUM
1035 1269 1085 1332 Vl

394 1490 597 1553 Sanctissimi
609 1489 741 1552 Domini
755 1489 867 1552 Nostri
880 1490 995 1551 Leonis
1010 1490 1117 1551 diuina
1133 1491 1339 1554 Prouidentia

599 1588 695 1669 Papae
710 1585 791 1646 XIII
804 1587 917 1647 litterae
932 1587 1126 1668 apostolicae,

466 1683 505 1744 de
519 1681 775 1744 ordinationibus
789 1683 986 1766 anplicanis,
1007 1684 1042 1743 13
1058 1692 1136 1764 sept.
1156 1686 1232 1744 1896
1244 1685 1263 1743 ¹.

555 2042 616 2100 Leo
632 2042 796 2121 opiscopus
814 2061 922 2100 servus
938 2061 1098 2100 servorum
1116 2041 1173 2100 Dei

605 2137 652 2196 Ad
670 2145 851 2217 perpetuam
867 2137 911 2195 rei
928 2137 1120 2196 memoriam.

339 2315 528 2394 Apostolicae
553 2335 635 2374 curae
656 2323 686 2374 et
706 2315 859 2388 caritatis,
882 2335 943 2395 qua
967 2321 1123 2394 pastorem
1148 2335 1293 2394 magnum
1318 2317 1423 2376 ovium

299 2411 468 2469 Dominum
483 2411 631 2470 Nostrum
647 2410 754 2470 Jesum
771 2409 953 2470 Christum*
969 2411 1083 2470 referre
1097 2431 1153 2490 pro
1169 2432 1296 2471 munere
1312 2420 1344 2471 et
1358 2413 1425 2471 imi-

298 2508 373 2580 tari,
393 2509 549 2587 aspirante
567 2508 634 2588 ejus
652 2507 767 2586 gratia,
786 2507 962 2580 studemus,
980 2528 1042 2566 non
1058 2507 1201 2585 exiguam
1219 2515 1340 2586 partem
1356 2529 1424 2588 per·
1460 2567 1462 2570 .

297 2601 393 2662 nobili
414 2603 585 2681 Anglorum
607 2603 724 2662 notioni
745 2603 922 2662 tribuimus
938 2603 1117 2662 Voluntatis
1137 2603 1168 2661 in
1188 2604 1286 2684 ipsam
1309 2612 1424 2663 nostrae

297 2718 333 2758 ea
355 2699 511 2778 praecipue
536 2699 624 2758 testis
647 2707 693 2757 est
717 2699 849 2779 epistola
873 2719 966 2779 quam
991 2699 1151 2778 superiore
1176 2720 1256 2759 anno
1281 2699 1424 2759 dedimus

297 2797 454 2876 propriam
470 2795 508 2854 ad
524 2795 657 2873 Anglos,
672 2815 801 2873 regnum
818 2795 933 2854 Christi
953 2795 985 2853 in
1006 2795 1077 2853 fidei
1094 2795 1213 2855 unitate
1226 2803 1420 2876 quaerentes:

297 2891 436 2972 ejusdem
457 2892 572 2971 quippe
593 2891 693 2970 gentis
712 2899 743 2949 et
763 2899 900 2950 veterem
922 2911 992 2950 cum
1014 2891 1150 2951 Ecclesia
1171 2901 1269 2952 matre
1289 2891 1422 2972 conjun-

296 2987 430 3047 ctionem
456 2987 728 3046 commemorando
748 2987 981 3058 revocavimus,
1003 2995 1034 3046 et
1051 2987 1171 3047 felicem
1196 2987 1420 3048 reconciliatio-

297 3104 381 3156 nem,
399 3083 531 3142 excitata
547 3083 578 3141 in
594 3083 704 3141 animis
722 3082 830 3141 orandi
845 3083 902 3142 Dei
919 3083 1072 3154 sollertia,
1089 3084 1306 3144 contendimus
1322 3092 1421 3144 matu·

294 3199 372 3238 rare.
399 3179 581 3260 Rursusque
606 3178 688 3237 haud
711 3178 753 3238 ita
779 3179 914 3257 pridem,
938 3201 1008 3238 cum
1033 3181 1252 3240 communibus
1278 3181 1420 3240 universe

294 3276 405 3334 litteris
428 3277 465 3335 de
487 3276 604 3335 unitate
624 3275 768 3334 Ecclesiae
789 3275 888 3335 insius
910 3297 1001 3354 agere
1025 3278 1124 3335 visum
1145 3285 1208 3352 est,
1230 3298 1299 3336 non.
1310 3277 1419 3337 ultimo

294 3371 362 3430 loco
390 3371 582 3452 respeximus
608 3357 767 3450 ringliam,
796 3393 850 3451 spe
878 3371 1083 3452 praelucente,
1113 3393 1204 3452 posse
1233 3374 1418 3434 documenta

295 3468 407 3528 Nostra
437 3475 502 3526 tum
531 3466 691 3526 catholicis
720 3468 899 3528 firmitatem
932 3475 998 3528 tum
1032 3468 1254 3528 dissidentibus
1285 3469 1419 3528 salutare

293 3563 398 3622 lumen
416 3565 536 3623 allerre.
556 3565 656 3644 Atque
672 3563 750 3623 illud
766 3565 855 3624 lateri
871 3565 957 3637 libet,
973 3564 1057 3645 quod
1068 3585 1156 3646 acque
1167 3566 1268 3644 gentis
1279 3565 1419 3624 humani-

293 3667 388 3720 tatem
404 3680 440 3718 ac
456 3659 625 3718 multorum
642 3659 884 3720 sollicitudinem
899 3660 1007 3720 salutis
1020 3667 1145 3719 aeternae
1160 3661 1374 3732 commendat,
1387 3661 1417 3719 id

294 3765 341 3816 cst
355 3777 448 3836 quam
461 3755 613 3814 benevole
629 3757 736 3834 Anglis
754 3755 885 3836 probata
903 3757 944 3815 sit
956 3756 1101 3816 instantia
1118 3757 1231 3817 Nostra
1247 3764 1279 3816 et
1295 3755 1419 3816 dicendi

292 3852 428 3924 libertaS,
442 3851 528 3911 nullo
539 3851 665 3931 quidem
676 3859 744 3912 octa
756 3851 899 3911 humanae
911 3852 1039 3911 rationis
1050 3851 1197 3931 impulsu.
1211 3853 1301 3912 Nunc
1314 3860 1418 3912 autem

292 3949 400 4008 eadem
414 3931 479 4007 Nos
494 3955 610 4020 mente,
627 3947 799 4030 eodemque
815 3949 918 4007 animo
934 3948 1138 4007 deliberatum
1154 3947 1304 4007 habemus
1316 3948 1418 4008 studia

292 4051 474 4105 convertere
490 4044 528 4103 ad
543 4044 709 4124 quamdam
725 4065 787 4104 non
804 4045 1097 4114 minorismomenti
1112 4065 1248 4118 causam,
1261 4065 1331 4125 quae
1347 4065 1417 4104 cum

321 4221 329 4254 ¹
344 4221 411 4268 Actn
423 4221 448 4268 S.
464 4221 552 4278 SedIs,
571 4224 589 4270 t.
607 4237 681 4278 xxix,
696 4236 721 4282 p.
739 4226 796 4280 1933
814 4247 843 4256 -
859 4221 1015 4278 Canoniste,
1034 4225 1214 4277 t.xrx,1896.
1231 4237 1257 4284 p.
1274 4227 1328 4271 559.

322 4300 332 4332 ²
349 4299 442 4356 Hebr,
459 4315 518 4359 inu,
535 4305 573 4348 2⁰.
