<?xml version="1.0" encoding="UTF-8"?>
<!DOCTYPE html PUBLIC "-//W3C//DTD XHTML 1.0 Transitional//EN"
    "http://www.w3.org/TR/xhtml1/DTD/xhtml1-transitional.dtd">
<html xmlns="http://www.w3.org/1999/xhtml" xml:lang="en" lang="en">
 <head>
  <title>
</title>
<meta http-equiv="Content-Type" content="text/html;charset=utf-8" />
  <meta name='ocr-system' content='tesseract 3.04.00' />
  <meta name='ocr-capabilities' content='ocr_page ocr_carea ocr_par ocr_line ocrx_word'/>
</head>
<body>
  <div class='ocr_page' id='page_1' title='image "./praelectionesde00manygoog_0525.png"; bbox 0 0 3238 5052; ppageno 0'>
   <div class='ocr_carea' id='block_1_1' title="bbox 322 480 1108 536">
    <p class='ocr_par' dir='ltr' id='par_1_1' title="bbox 322 480 1108 536">
     <span class='ocr_line' id='line_1_1' title="bbox 322 480 1108 536; baseline 0.004 -5"><span class='ocrx_word' id='word_1_1' title='bbox 322 480 372 532; x_wconf 84' lang='lat'>508</span> <span class='ocrx_word' id='word_1_2' title='bbox 659 483 702 532; x_wconf 73' lang='grc' dir='ltr'>ΒΕ</span> <span class='ocrx_word' id='word_1_3' title='bbox 722 483 852 534; x_wconf 76' lang='lat' dir='ltr'>ulricus</span> <span class='ocrx_word' id='word_1_4' title='bbox 872 484 1108 536; x_wconf 72' lang='lat' dir='ltr'>ORDle&#39;llONlS</span> 
     </span>
    </p>
   </div>
   <div class='ocr_carea' id='block_1_2' title="bbox 319 629 1446 1264">
    <p class='ocr_par' dir='ltr' id='par_1_2' title="bbox 319 629 1446 944">
     <span class='ocr_line' id='line_1_2' title="bbox 321 629 1446 717; baseline 0.003 -25"><span class='ocrx_word' id='word_1_5' title='bbox 321 651 411 704; x_wconf 84' lang='lat' dir='ltr'>num,</span> <span class='ocrx_word' id='word_1_6' title='bbox 434 650 501 692; x_wconf 91' lang='lat' dir='ltr'>non</span> <span class='ocrx_word' id='word_1_7' title='bbox 522 629 673 704; x_wconf 75' lang='lat' dir='ltr'>culicem,</span> <span class='ocrx_word' id='word_1_8' title='bbox 697 631 883 717; x_wconf 81' lang='lat' dir='ltr'>respondit,</span> <span class='ocrx_word' id='word_1_9' title='bbox 900 631 954 694; x_wconf 86' lang='lat' dir='ltr'>die</span> <span class='ocrx_word' id='word_1_10' title='bbox 971 632 1011 695; x_wconf 79' lang='lat' dir='ltr'>ii</span> <span class='ocrx_word' id='word_1_11' title='bbox 1033 629 1144 694; x_wconf 81' lang='lat' dir='ltr'>martii</span> <span class='ocrx_word' id='word_1_12' title='bbox 1160 629 1264 696; x_wconf 78' lang='lat'>1897:</span> <span class='ocrx_word' id='word_1_13' title='bbox 1284 658 1301 690; x_wconf 69' lang='grc' dir='ltr'>(ι</span> <span class='ocrx_word' id='word_1_14' title='bbox 1323 631 1446 694; x_wconf 82' lang='lat' dir='ltr'>Orator</span> 
     </span>
     <span class='ocr_line' id='line_1_3' title="bbox 320 742 1442 832; baseline 0.003 -26"><span class='ocrx_word' id='word_1_15' title='bbox 320 743 509 828; x_wconf 75' lang='lat' dir='ltr'>acquiescet</span> <span class='ocrx_word' id='word_1_16' title='bbox 524 747 550 820; x_wconf 85' lang='lat'>¹;</span> <span class='ocrx_word' id='word_1_17' title='bbox 577 773 592 802; x_wconf 90' lang='lat'>»</span> <span class='ocrx_word' id='word_1_18' title='bbox 613 742 691 830; x_wconf 81' lang='lat' dir='ltr'>quis</span> <span class='ocrx_word' id='word_1_19' title='bbox 717 743 893 814; x_wconf 85' lang='lat' dir='ltr'>nimirum.</span> <span class='ocrx_word' id='word_1_20' title='bbox 915 753 954 810; x_wconf 93' lang='lat' dir='ltr'>ut</span> <span class='ocrx_word' id='word_1_21' title='bbox 978 745 1126 824; x_wconf 83' lang='lat' dir='ltr'>videtur,</span> <span class='ocrx_word' id='word_1_22' title='bbox 1154 745 1240 809; x_wconf 82' lang='lat' dir='ltr'>culix</span> <span class='ocrx_word' id='word_1_23' title='bbox 1265 751 1298 809; x_wconf 90' lang='lat' dir='ltr'>et</span> <span class='ocrx_word' id='word_1_24' title='bbox 1323 753 1442 832; x_wconf 83' lang='lat' dir='ltr'>patena</span> 
     </span>
     <span class='ocr_line' id='line_1_4' title="bbox 319 856 912 944; baseline 0.005 -24"><span class='ocrx_word' id='word_1_25' title='bbox 319 856 539 944; x_wconf 87' lang='lat' dir='ltr'>porriguntur</span> <span class='ocrx_word' id='word_1_26' title='bbox 554 881 618 943; x_wconf 90' lang='lat' dir='ltr'>per</span> <span class='ocrx_word' id='word_1_27' title='bbox 639 859 777 922; x_wconf 80' lang='lat' dir='ltr'>modurn</span> <span class='ocrx_word' id='word_1_28' title='bbox 800 860 912 923; x_wconf 90' lang='lat' dir='ltr'>unius.</span> 
     </span>
    </p>

    <p class='ocr_par' dir='ltr' id='par_1_3' title="bbox 319 968 1444 1264">
     <span class='ocr_line' id='line_1_5' title="bbox 365 968 1444 1058; baseline -0.001 -21"><span class='ocrx_word' id='word_1_29' title='bbox 365 972 396 1037; x_wconf 89' lang='lat'>3.</span> <span class='ocrx_word' id='word_1_30' title='bbox 420 968 518 1048; x_wconf 92' lang='lat' dir='ltr'>Quod</span> <span class='ocrx_word' id='word_1_31' title='bbox 544 971 689 1037; x_wconf 86' lang='lat' dir='ltr'>dicimus</span> <span class='ocrx_word' id='word_1_32' title='bbox 711 972 752 1036; x_wconf 89' lang='lat' dir='ltr'>de</span> <span class='ocrx_word' id='word_1_33' title='bbox 783 972 962 1058; x_wconf 78' lang='lat' dir='ltr'>tangendis</span> <span class='ocrx_word' id='word_1_34' title='bbox 989 973 1224 1038; x_wconf 72' lang='lat' dir='ltr'>instrumentis</span> <span class='ocrx_word' id='word_1_35' title='bbox 1251 975 1285 1037; x_wconf 87' lang='lat' dir='ltr'>in</span> <span class='ocrx_word' id='word_1_36' title='bbox 1311 974 1444 1038; x_wconf 85' lang='lat' dir='ltr'>ordina-</span> 
     </span>
     <span class='ocr_line' id='line_1_6' title="bbox 319 1083 1443 1172; baseline 0.002 -23"><span class='ocrx_word' id='word_1_37' title='bbox 319 1086 410 1150; x_wconf 89' lang='lat' dir='ltr'>tione</span> <span class='ocrx_word' id='word_1_38' title='bbox 436 1083 708 1172; x_wconf 62' lang='lat' dir='ltr'>presbyteratus⁸</span> <span class='ocrx_word' id='word_1_39' title='bbox 731 1086 912 1151; x_wconf 89' lang='lat' dir='ltr'>dicendum</span> <span class='ocrx_word' id='word_1_40' title='bbox 938 1093 990 1152; x_wconf 86' lang='lat' dir='ltr'>est</span> <span class='ocrx_word' id='word_1_41' title='bbox 1015 1087 1117 1151; x_wconf 85' lang='lat' dir='ltr'>etiam</span> <span class='ocrx_word' id='word_1_42' title='bbox 1141 1086 1182 1150; x_wconf 92' lang='lat' dir='ltr'>de</span> <span class='ocrx_word' id='word_1_43' title='bbox 1207 1085 1283 1152; x_wconf 84' lang='lat' dir='ltr'>aliis</span> <span class='ocrx_word' id='word_1_44' title='bbox 1307 1087 1443 1152; x_wconf 82' lang='lat' dir='ltr'>ordine-</span> 
     </span>
     <span class='ocr_line' id='line_1_7' title="bbox 319 1199 481 1264; baseline 0.012 -2"><span class='ocrx_word' id='word_1_45' title='bbox 319 1199 481 1264; x_wconf 89' lang='lat' dir='ltr'>tionibus.</span> 
     </span>
    </p>
   </div>
   <div class='ocr_carea' id='block_1_3' title="bbox 461 1451 1300 1523">
    <p class='ocr_par' dir='ltr' id='par_1_4' title="bbox 461 1451 1300 1523">
     <span class='ocr_line' id='line_1_8' title="bbox 461 1451 1300 1523; baseline -0.002 -15"><span class='ocrx_word' id='word_1_46' title='bbox 461 1451 480 1523; x_wconf 67' lang='grc' dir='ltr'><strong>ἓ</strong></span> <span class='ocrx_word' id='word_1_47' title='bbox 499 1452 532 1508; x_wconf 85' lang='grc'>2.</span> <span class='ocrx_word' id='word_1_48' title='bbox 554 1453 606 1510; x_wconf 84' lang='lat' dir='ltr'>De</span> <span class='ocrx_word' id='word_1_49' title='bbox 627 1451 764 1508; x_wconf 86' lang='lat' dir='ltr'>ritibus</span> <span class='ocrx_word' id='word_1_50' title='bbox 784 1451 1052 1508; x_wconf 81' lang='lat' dir='ltr'>essentialibus</span> <span class='ocrx_word' id='word_1_51' title='bbox 1070 1451 1300 1508; x_wconf 74' lang='lat' dir='ltr'>diaconatus</span> 
     </span>
    </p>
   </div>
   <div class='ocr_carea' id='block_1_4' title="bbox 318 1653 1444 1948">
    <p class='ocr_par' dir='ltr' id='par_1_5' title="bbox 318 1653 1444 1948">
     <span class='ocr_line' id='line_1_9' title="bbox 362 1653 1441 1722; baseline 0.004 -5"><span class='ocrx_word' id='word_1_52' title='bbox 362 1657 408 1720; x_wconf 74' lang='grc' dir='ltr'>Ν,</span> <span class='ocrx_word' id='word_1_53' title='bbox 431 1657 470 1718; x_wconf 89' lang='lat' dir='ltr'>B.</span> <span class='ocrx_word' id='word_1_54' title='bbox 493 1693 536 1704; x_wconf 99' lang='lat'>-</span> <span class='ocrx_word' id='word_1_55' title='bbox 561 1655 646 1720; x_wconf 92' lang='lat' dir='ltr'>Cum</span> <span class='ocrx_word' id='word_1_56' title='bbox 673 1655 713 1719; x_wconf 86' lang='lat' dir='ltr'>de</span> <span class='ocrx_word' id='word_1_57' title='bbox 739 1654 859 1718; x_wconf 92' lang='lat' dir='ltr'>ritibus</span> <span class='ocrx_word' id='word_1_58' title='bbox 883 1653 1120 1719; x_wconf 83' lang='lat' dir='ltr'>essentialibus</span> <span class='ocrx_word' id='word_1_59' title='bbox 1141 1655 1337 1720; x_wconf 80' lang='lat' dir='ltr'>diaconatus</span> <span class='ocrx_word' id='word_1_60' title='bbox 1358 1656 1441 1722; x_wconf 88' lang='lat' dir='ltr'>sint.</span> 
     </span>
     <span class='ocr_line' id='line_1_10' title="bbox 318 1767 1444 1856; baseline -0.001 -24"><span class='ocrx_word' id='word_1_61' title='bbox 318 1770 499 1856; x_wconf 83' lang='lat' dir='ltr'>sieut&#39;pro</span> <span class='ocrx_word' id='word_1_62' title='bbox 532 1767 784 1856; x_wconf 73' lang='lat' dir='ltr'>presbyteratu.</span> <span class='ocrx_word' id='word_1_63' title='bbox 819 1776 889 1832; x_wconf 90' lang='lat' dir='ltr'>tres</span> <span class='ocrx_word' id='word_1_64' title='bbox 923 1769 1116 1856; x_wconf 82' lang='lat' dir='ltr'>opiniones,</span> <span class='ocrx_word' id='word_1_65' title='bbox 1153 1770 1204 1832; x_wconf 74' lang='lat' dir='ltr'>her</span> <span class='ocrx_word' id='word_1_66' title='bbox 1236 1769 1444 1855; x_wconf 68' lang='lat' dir='ltr'>exponenda¹</span> 
     </span>
     <span class='ocr_line' id='line_1_11' title="bbox 319 1891 424 1948; baseline 0.029 -3"><span class='ocrx_word' id='word_1_67' title='bbox 319 1891 424 1948; x_wconf 87' lang='lat' dir='ltr'>sunt:</span> 
     </span>
    </p>
   </div>
   <div class='ocr_carea' id='block_1_5' title="bbox 317 2112 1443 3568">
    <p class='ocr_par' dir='ltr' id='par_1_6' title="bbox 317 2112 1443 3568">
     <span class='ocr_line' id='line_1_12' title="bbox 364 2112 1443 2198; baseline -0.005 -19"><span class='ocrx_word' id='word_1_68' title='bbox 364 2112 459 2180; x_wconf 83' lang='lat'><strong>265.</strong></span> <span class='ocrx_word' id='word_1_69' title='bbox 480 2151 523 2160; x_wconf 94' lang='lat'><em>-</em></span> <span class='ocrx_word' id='word_1_70' title='bbox 543 2112 679 2180; x_wconf 78' lang='lat' dir='ltr'>Prima</span> <span class='ocrx_word' id='word_1_71' title='bbox 698 2113 848 2198; x_wconf 82' lang='lat' dir='ltr'>opiniO.</span> <span class='ocrx_word' id='word_1_72' title='bbox 869 2151 912 2160; x_wconf 89' lang='lat'>-</span> <span class='ocrx_word' id='word_1_73' title='bbox 933 2113 1030 2176; x_wconf 78' lang='lat' dir='ltr'>ltitus</span> <span class='ocrx_word' id='word_1_74' title='bbox 1045 2113 1229 2176; x_wconf 74' lang='lat' dir='ltr'>essentialis</span> <span class='ocrx_word' id='word_1_75' title='bbox 1248 2113 1443 2175; x_wconf 75' lang='lat' dir='ltr'>diaconatus</span> 
     </span>
     <span class='ocr_line' id='line_1_13' title="bbox 320 2225 1442 2310; baseline -0.004 -20"><span class='ocrx_word' id='word_1_76' title='bbox 320 2235 449 2290; x_wconf 81' lang='lat' dir='ltr'>constet</span> <span class='ocrx_word' id='word_1_77' title='bbox 463 2227 534 2290; x_wconf 80' lang='lat' dir='ltr'>sole</span> <span class='ocrx_word' id='word_1_78' title='bbox 551 2228 763 2310; x_wconf 79' lang='lat' dir='ltr'>porrectione</span> <span class='ocrx_word' id='word_1_79' title='bbox 784 2227 1022 2310; x_wconf 78' lang='lat' dir='ltr'>instrumenti,</span> <span class='ocrx_word' id='word_1_80' title='bbox 1047 2235 1083 2290; x_wconf 91' lang='lat' dir='ltr'>ut</span> <span class='ocrx_word' id='word_1_81' title='bbox 1104 2227 1261 2308; x_wconf 82' lang='lat' dir='ltr'>materis,</span> <span class='ocrx_word' id='word_1_82' title='bbox 1284 2235 1315 2288; x_wconf 86' lang='lat' dir='ltr'>et</span> <span class='ocrx_word' id='word_1_83' title='bbox 1335 2225 1442 2288; x_wconf 82' lang='lat' dir='ltr'>uerbis</span> 
     </span>
     <span class='ocr_line' id='line_1_14' title="bbox 318 2337 1443 2424; baseline -0.004 -20"><span class='ocrx_word' id='word_1_84' title='bbox 318 2341 347 2404; x_wconf 89' lang='lat' dir='ltr'>ei</span> <span class='ocrx_word' id='word_1_85' title='bbox 386 2341 681 2424; x_wconf 79' lang='lat' dir='ltr'>respondentibus,</span> <span class='ocrx_word' id='word_1_86' title='bbox 719 2349 754 2404; x_wconf 89' lang='lat' dir='ltr'>ut</span> <span class='ocrx_word' id='word_1_87' title='bbox 792 2345 920 2423; x_wconf 81' lang='lat' dir='ltr'>forme.</span> <span class='ocrx_word' id='word_1_88' title='bbox 963 2340 1232 2404; x_wconf 86' lang='lat' dir='ltr'>instrumentum</span> <span class='ocrx_word' id='word_1_89' title='bbox 1270 2347 1321 2403; x_wconf 88' lang='lat' dir='ltr'>est</span> <span class='ocrx_word' id='word_1_90' title='bbox 1358 2337 1443 2401; x_wconf 86' lang='lat' dir='ltr'>liber</span> 
     </span>
     <span class='ocr_line' id='line_1_15' title="bbox 318 2453 1441 2539; baseline -0.004 -21"><span class='ocrx_word' id='word_1_91' title='bbox 318 2453 589 2538; x_wconf 73' lang='lat' dir='ltr'>evangeliorum:</span> <span class='ocrx_word' id='word_1_92' title='bbox 614 2453 716 2518; x_wconf 79' lang='lat' dir='ltr'>verbu</span> <span class='ocrx_word' id='word_1_93' title='bbox 737 2463 818 2518; x_wconf 91' lang='lat' dir='ltr'>sunt</span> <span class='ocrx_word' id='word_1_94' title='bbox 837 2453 929 2518; x_wconf 75' lang='lat' dir='ltr'>herc:</span> <span class='ocrx_word' id='word_1_95' title='bbox 952 2455 1075 2539; x_wconf 80' lang='lat' dir='ltr'>Accipe</span> <span class='ocrx_word' id='word_1_96' title='bbox 1090 2463 1292 2539; x_wconf 75' lang='lat' dir='ltr'>potestatem</span> <span class='ocrx_word' id='word_1_97' title='bbox 1313 2453 1441 2537; x_wconf 72' lang='lat' dir='ltr'>lepcnili</span> 
     </span>
     <span class='ocr_line' id='line_1_16' title="bbox 317 2567 1442 2653; baseline -0.004 -22"><span class='ocrx_word' id='word_1_98' title='bbox 317 2569 529 2651; x_wconf 73' lang='lat' dir='ltr'>centipeliuin</span> <span class='ocrx_word' id='word_1_99' title='bbox 555 2570 586 2630; x_wconf 89' lang='lat' dir='ltr'>in</span> <span class='ocrx_word' id='word_1_100' title='bbox 613 2568 762 2631; x_wconf 77' lang='lat' dir='ltr'>Ecclesia</span> <span class='ocrx_word' id='word_1_101' title='bbox 788 2567 865 2641; x_wconf 86' lang='lat' dir='ltr'>Dei,</span> <span class='ocrx_word' id='word_1_102' title='bbox 896 2579 965 2632; x_wconf 78' lang='lat' dir='ltr'>tem</span> <span class='ocrx_word' id='word_1_103' title='bbox 985 2590 1051 2652; x_wconf 91' lang='lat' dir='ltr'>pro</span> <span class='ocrx_word' id='word_1_104' title='bbox 1077 2569 1157 2632; x_wconf 83' lang='lat' dir='ltr'>eicis</span> <span class='ocrx_word' id='word_1_105' title='bbox 1183 2591 1288 2653; x_wconf 79' lang='lat' dir='ltr'>quern</span> <span class='ocrx_word' id='word_1_106' title='bbox 1303 2589 1369 2651; x_wconf 88' lang='lat' dir='ltr'>pro</span> <span class='ocrx_word' id='word_1_107' title='bbox 1388 2567 1442 2627; x_wconf 90' lang='lat' dir='ltr'>de-</span> 
     </span>
     <span class='ocr_line' id='line_1_17' title="bbox 317 2680 1442 2766; baseline -0.004 -20"><span class='ocrx_word' id='word_1_108' title='bbox 317 2683 457 2766; x_wconf 84' lang='lat' dir='ltr'>functis.</span> <span class='ocrx_word' id='word_1_109' title='bbox 480 2689 544 2746; x_wconf 85' lang='lat' dir='ltr'>ete.</span> <span class='ocrx_word' id='word_1_110' title='bbox 565 2689 616 2766; x_wconf 72' lang='lat' dir='ltr'>tut</span> <span class='ocrx_word' id='word_1_111' title='bbox 636 2683 668 2744; x_wconf 91' lang='lat' dir='ltr'>in</span> <span class='ocrx_word' id='word_1_112' title='bbox 686 2683 904 2765; x_wconf 77' lang='lat' dir='ltr'>Pontificsli).</span> <span class='ocrx_word' id='word_1_113' title='bbox 927 2721 971 2730; x_wconf 96' lang='lat'>—</span> <span class='ocrx_word' id='word_1_114' title='bbox 991 2681 1053 2762; x_wconf 83' lang='lat' dir='ltr'>Itu,</span> <span class='ocrx_word' id='word_1_115' title='bbox 1072 2689 1109 2746; x_wconf 88' lang='lat' dir='ltr'>ut</span> <span class='ocrx_word' id='word_1_116' title='bbox 1129 2681 1275 2756; x_wconf 80' lang='lat' dir='ltr'>videtur,</span> <span class='ocrx_word' id='word_1_117' title='bbox 1299 2681 1339 2744; x_wconf 91' lang='lat' dir='ltr'>D.</span> <span class='ocrx_word' id='word_1_118' title='bbox 1359 2680 1442 2744; x_wconf 91' lang='lat' dir='ltr'>Tho·</span> 
     </span>
     <span class='ocr_line' id='line_1_18' title="bbox 318 2795 1439 2886; baseline -0.001 -28"><span class='ocrx_word' id='word_1_119' title='bbox 318 2820 402 2867; x_wconf 81' lang='lat' dir='ltr'>mas,</span> <span class='ocrx_word' id='word_1_120' title='bbox 425 2797 494 2882; x_wconf 78' lang='lat' dir='ltr'>qui,</span> <span class='ocrx_word' id='word_1_121' title='bbox 519 2797 552 2858; x_wconf 90' lang='lat' dir='ltr'>in</span> <span class='ocrx_word' id='word_1_122' title='bbox 572 2795 680 2862; x_wconf 83' lang='lat' dir='ltr'>Seni..</span> <span class='ocrx_word' id='word_1_123' title='bbox 704 2795 762 2860; x_wconf 92' lang='lat' dir='ltr'>lib.</span> <span class='ocrx_word' id='word_1_124' title='bbox 786 2795 832 2858; x_wconf 86' lang='lat' dir='ltr'>IV</span> <span class='ocrx_word' id='word_1_125' title='bbox 837 2850 844 2869; x_wconf 77' lang='grc'>,</span> <span class='ocrx_word' id='word_1_126' title='bbox 868 2797 947 2860; x_wconf 92' lang='lat' dir='ltr'>dist.</span> <span class='ocrx_word' id='word_1_127' title='bbox 968 2795 1089 2865; x_wconf 81' lang='lat' dir='ltr'>xxiv,</span> <span class='ocrx_word' id='word_1_128' title='bbox 1112 2803 1175 2886; x_wconf 83' lang='lat' dir='ltr'>art.</span> <span class='ocrx_word' id='word_1_129' title='bbox 1199 2797 1231 2871; x_wconf 77' lang='lat'>3,</span> <span class='ocrx_word' id='word_1_130' title='bbox 1255 2795 1297 2858; x_wconf 84' lang='lat' dir='ltr'>nd</span> <span class='ocrx_word' id='word_1_131' title='bbox 1314 2797 1345 2865; x_wconf 79' lang='lat'>5.</span> <span class='ocrx_word' id='word_1_132' title='bbox 1367 2795 1439 2858; x_wconf 81' lang='lat' dir='ltr'>ait:</span> 
     </span>
     <span class='ocr_line' id='line_1_19' title="bbox 320 2907 1440 2996; baseline 0.002 -26"><span class='ocrx_word' id='word_1_133' title='bbox 320 2938 334 2970; x_wconf 88' lang='lat'>«</span> <span class='ocrx_word' id='word_1_134' title='bbox 365 2910 574 2996; x_wconf 83' lang='lat' dir='ltr'>Exprimitur</span> <span class='ocrx_word' id='word_1_135' title='bbox 598 2918 750 2995; x_wconf 82' lang='lat' dir='ltr'>potestus</span> <span class='ocrx_word' id='word_1_136' title='bbox 775 2909 848 2996; x_wconf 90' lang='lat' dir='ltr'>ejus</span> <span class='ocrx_word' id='word_1_137' title='bbox 874 2911 1041 2996; x_wconf 62' lang='lat' dir='ltr'>(diaconii</span> <span class='ocrx_word' id='word_1_138' title='bbox 1070 2911 1111 2974; x_wconf 82' lang='lat' dir='ltr'>nd</span> <span class='ocrx_word' id='word_1_139' title='bbox 1139 2917 1251 2974; x_wconf 81' lang='lat' dir='ltr'>ectum</span> <span class='ocrx_word' id='word_1_140' title='bbox 1280 2907 1440 2974; x_wconf 85' lang='lat' dir='ltr'>secunda·</span> 
     </span>
     <span class='ocr_line' id='line_1_20' title="bbox 318 3020 1440 3110; baseline -0.003 -23"><span class='ocrx_word' id='word_1_141' title='bbox 318 3025 404 3088; x_wconf 92' lang='lat' dir='ltr'>rium</span> <span class='ocrx_word' id='word_1_142' title='bbox 425 3025 459 3088; x_wconf 92' lang='lat' dir='ltr'>in</span> <span class='ocrx_word' id='word_1_143' title='bbox 482 3025 544 3088; x_wconf 88' lang='lat' dir='ltr'>boc</span> <span class='ocrx_word' id='word_1_144' title='bbox 564 3025 653 3110; x_wconf 92' lang='lat' dir='ltr'>quod</span> <span class='ocrx_word' id='word_1_145' title='bbox 674 3025 772 3088; x_wconf 82' lang='lat' dir='ltr'>detur</span> <span class='ocrx_word' id='word_1_146' title='bbox 793 3025 857 3087; x_wconf 91' lang='lat' dir='ltr'>sibi</span> <span class='ocrx_word' id='word_1_147' title='bbox 877 3023 963 3088; x_wconf 86' lang='lat' dir='ltr'>liber</span> <span class='ocrx_word' id='word_1_148' title='bbox 982 3025 1257 3110; x_wconf 81' lang='lat' dir='ltr'>evangeliorum,</span> <span class='ocrx_word' id='word_1_149' title='bbox 1276 3032 1309 3086; x_wconf 90' lang='lat' dir='ltr'>et</span> <span class='ocrx_word' id='word_1_150' title='bbox 1328 3024 1362 3085; x_wconf 94' lang='lat' dir='ltr'>in</span> <span class='ocrx_word' id='word_1_151' title='bbox 1380 3020 1440 3085; x_wconf 80' lang='lat' dir='ltr'>bac</span> 
     </span>
     <span class='ocr_line' id='line_1_21' title="bbox 317 3136 1441 3226; baseline -0.003 -26"><span class='ocrx_word' id='word_1_152' title='bbox 317 3147 486 3224; x_wconf 73' lang='lat' dir='ltr'>potestate</span> <span class='ocrx_word' id='word_1_153' title='bbox 520 3138 722 3222; x_wconf 81' lang='lat' dir='ltr'>intelligitur</span> <span class='ocrx_word' id='word_1_154' title='bbox 751 3139 840 3209; x_wconf 80' lang='lat' dir='ltr'>alia:</span> <span class='ocrx_word' id='word_1_155' title='bbox 871 3145 904 3201; x_wconf 86' lang='lat' dir='ltr'>et</span> <span class='ocrx_word' id='word_1_156' title='bbox 933 3139 1008 3202; x_wconf 90' lang='lat' dir='ltr'>ideo</span> <span class='ocrx_word' id='word_1_157' title='bbox 1037 3139 1070 3202; x_wconf 90' lang='lat' dir='ltr'>in</span> <span class='ocrx_word' id='word_1_158' title='bbox 1102 3139 1174 3226; x_wconf 84' lang='lat' dir='ltr'>ipsa</span> <span class='ocrx_word' id='word_1_159' title='bbox 1203 3136 1280 3201; x_wconf 92' lang='lat' dir='ltr'>libri</span> <span class='ocrx_word' id='word_1_160' title='bbox 1308 3137 1441 3200; x_wconf 79' lang='lat' dir='ltr'>datione</span> 
     </span>
     <span class='ocr_line' id='line_1_22' title="bbox 318 3249 1438 3339; baseline 0.003 -24"><span class='ocrx_word' id='word_1_161' title='bbox 318 3253 523 3339; x_wconf 91' lang='lat' dir='ltr'>imprimitur</span> <span class='ocrx_word' id='word_1_162' title='bbox 538 3252 744 3318; x_wconf 82' lang='lat' dir='ltr'>character¹.</span> <span class='ocrx_word' id='word_1_163' title='bbox 765 3281 780 3312; x_wconf 76' lang='lat' dir='ltr'>n</span> <span class='ocrx_word' id='word_1_164' title='bbox 800 3251 848 3316; x_wconf 79' lang='lat' dir='ltr'>Its</span> <span class='ocrx_word' id='word_1_165' title='bbox 865 3253 967 3316; x_wconf 84' lang='lat' dir='ltr'>etium</span> <span class='ocrx_word' id='word_1_166' title='bbox 983 3253 1182 3316; x_wconf 90' lang='lat' dir='ltr'>Dominicus</span> <span class='ocrx_word' id='word_1_167' title='bbox 1197 3251 1294 3323; x_wconf 81' lang='lat' dir='ltr'>soto,</span> <span class='ocrx_word' id='word_1_168' title='bbox 1314 3249 1438 3318; x_wconf 81' lang='lat' dir='ltr'>Estius.</span> 
     </span>
     <span class='ocr_line' id='line_1_23' title="bbox 318 3363 1440 3454; baseline -0.004 -24"><span class='ocrx_word' id='word_1_169' title='bbox 318 3368 475 3454; x_wconf 64' lang='lat' dir='ltr'>Nugnoe,</span> <span class='ocrx_word' id='word_1_170' title='bbox 500 3367 559 3430; x_wconf 90' lang='lat' dir='ltr'>scd</span> <span class='ocrx_word' id='word_1_171' title='bbox 587 3368 773 3454; x_wconf 72' lang='lat' dir='ltr'>preesertim</span> <span class='ocrx_word' id='word_1_172' title='bbox 794 3367 964 3454; x_wconf 77' lang='lat' dir='ltr'>Vasquez,</span> <span class='ocrx_word' id='word_1_173' title='bbox 990 3367 1047 3454; x_wconf 91' lang='lat' dir='ltr'>qui</span> <span class='ocrx_word' id='word_1_174' title='bbox 1074 3389 1113 3430; x_wconf 91' lang='lat' dir='ltr'>eo</span> <span class='ocrx_word' id='word_1_175' title='bbox 1140 3389 1248 3452; x_wconf 88' lang='lat' dir='ltr'>usque</span> <span class='ocrx_word' id='word_1_176' title='bbox 1269 3363 1440 3452; x_wconf 84' lang='lat' dir='ltr'>progredi-</span> 
     </span>
     <span class='ocr_line' id='line_1_24' title="bbox 319 3479 1440 3568; baseline -0.004 -24"><span class='ocrx_word' id='word_1_177' title='bbox 319 3491 382 3560; x_wconf 84' lang='lat' dir='ltr'>tur,</span> <span class='ocrx_word' id='word_1_178' title='bbox 411 3489 449 3544; x_wconf 94' lang='lat' dir='ltr'>ut</span> <span class='ocrx_word' id='word_1_179' title='bbox 476 3479 564 3544; x_wconf 79' lang='lat' dir='ltr'>dicet</span> <span class='ocrx_word' id='word_1_180' title='bbox 592 3502 598 3546; x_wconf 90' lang='lat'>:</span> <span class='ocrx_word' id='word_1_181' title='bbox 632 3509 645 3540; x_wconf 78' lang='lat' dir='ltr'>u</span> <span class='ocrx_word' id='word_1_182' title='bbox 682 3481 791 3560; x_wconf 85' lang='lat' dir='ltr'>Quam</span> <span class='ocrx_word' id='word_1_183' title='bbox 822 3481 957 3568; x_wconf 90' lang='lat' dir='ltr'>quidem</span> <span class='ocrx_word' id='word_1_184' title='bbox 988 3479 1217 3568; x_wconf 68' lang='lat' dir='ltr'>(opinionem)</span> <span class='ocrx_word' id='word_1_185' title='bbox 1253 3480 1298 3542; x_wconf 81' lang='lat' dir='ltr'>ita</span> <span class='ocrx_word' id='word_1_186' title='bbox 1327 3499 1440 3541; x_wconf 78' lang='lat' dir='ltr'>veram</span> 
     </span>
    </p>
   </div>
   <div class='ocr_carea' id='block_1_6' title="bbox 317 3590 1440 3682">
    <p class='ocr_par' dir='ltr' id='par_1_7' title="bbox 317 3590 1440 3682">
     <span class='ocr_line' id='line_1_25' title="bbox 317 3590 1440 3682; baseline -0.005 -24"><span class='ocrx_word' id='word_1_187' title='bbox 317 3595 487 3672; x_wconf 84' lang='lat' dir='ltr'>existimo,</span> <span class='ocrx_word' id='word_1_188' title='bbox 509 3603 547 3658; x_wconf 92' lang='lat' dir='ltr'>ut</span> <span class='ocrx_word' id='word_1_189' title='bbox 567 3596 748 3682; x_wconf 72' lang='lat' dir='ltr'>oppositu,</span> <span class='ocrx_word' id='word_1_190' title='bbox 773 3619 839 3658; x_wconf 91' lang='lat' dir='ltr'>non</span> <span class='ocrx_word' id='word_1_191' title='bbox 861 3596 970 3658; x_wconf 91' lang='lat' dir='ltr'>solum</span> <span class='ocrx_word' id='word_1_192' title='bbox 999 3603 1114 3658; x_wconf 84' lang='lat' dir='ltr'>notam</span> <span class='ocrx_word' id='word_1_193' title='bbox 1140 3593 1359 3661; x_wconf 83' lang='lat' dir='ltr'>temeritatis,</span> <span class='ocrx_word' id='word_1_194' title='bbox 1382 3590 1440 3653; x_wconf 90' lang='lat' dir='ltr'>sed</span> 
     </span>
    </p>
   </div>
   <div class='ocr_carea' id='block_1_7' title="bbox 316 3756 1441 4370">
    <p class='ocr_par' dir='ltr' id='par_1_8' title="bbox 350 3756 826 3819">
     <span class='ocr_line' id='line_1_26' title="bbox 350 3756 826 3819; baseline 0 -15"><span class='ocrx_word' id='word_1_195' title='bbox 350 3759 357 3789; x_wconf 83' lang='lat'><strong>¹</strong></span> <span class='ocrx_word' id='word_1_196' title='bbox 375 3758 441 3804; x_wconf 80' lang='lat' dir='ltr'>Acte</span> <span class='ocrx_word' id='word_1_197' title='bbox 457 3757 481 3804; x_wconf 86' lang='lat' dir='ltr'>S.</span> <span class='ocrx_word' id='word_1_198' title='bbox 498 3756 587 3812; x_wconf 84' lang='lat' dir='ltr'>Sedis,</span> <span class='ocrx_word' id='word_1_199' title='bbox 605 3761 624 3804; x_wconf 92' lang='lat' dir='ltr'>i.</span> <span class='ocrx_word' id='word_1_200' title='bbox 641 3773 714 3806; x_wconf 78' lang='lat' dir='ltr'>xxix.</span> <span class='ocrx_word' id='word_1_201' title='bbox 732 3773 757 3819; x_wconf 88' lang='lat' dir='ltr'>p.</span> <span class='ocrx_word' id='word_1_202' title='bbox 773 3763 826 3804; x_wconf 76' lang='lat'><strong>703.</strong></span> 
     </span>
    </p>

    <p class='ocr_par' dir='ltr' id='par_1_9' title="bbox 316 3831 1441 4135">
     <span class='ocr_line' id='line_1_27' title="bbox 349 3831 1440 3898; baseline -0.001 -16"><span class='ocrx_word' id='word_1_203' title='bbox 349 3835 359 3867; x_wconf 74' lang='lat'><strong>²</strong></span> <span class='ocrx_word' id='word_1_204' title='bbox 376 3835 424 3882; x_wconf 82' lang='lat' dir='ltr'>Ed.</span> <span class='ocrx_word' id='word_1_205' title='bbox 439 3835 544 3889; x_wconf 72' lang='lat' dir='ltr'>Venet,</span> <span class='ocrx_word' id='word_1_206' title='bbox 558 3840 626 3886; x_wconf 33' lang='lat'>*1750*</span> <span class='ocrx_word' id='word_1_207' title='bbox 643 3841 661 3884; x_wconf 89' lang='lat' dir='ltr'>t.</span> <span class='ocrx_word' id='word_1_208' title='bbox 679 3851 732 3890; x_wconf 71' lang='lat' dir='ltr'>xm,</span> <span class='ocrx_word' id='word_1_209' title='bbox 745 3851 771 3898; x_wconf 88' lang='lat' dir='ltr'>p.</span> <span class='ocrx_word' id='word_1_210' title='bbox 784 3841 827 3892; x_wconf 74' lang='lat'>393</span> <span class='ocrx_word' id='word_1_211' title='bbox 844 3851 904 3896; x_wconf 70' lang='lat' dir='ltr'>quie</span> <span class='ocrx_word' id='word_1_212' title='bbox 920 3837 1046 3896; x_wconf 74' lang='lat' dir='ltr'>leguntur</span> <span class='ocrx_word' id='word_1_213' title='bbox 1063 3836 1145 3883; x_wconf 85' lang='lat' dir='ltr'>etiem</span> <span class='ocrx_word' id='word_1_214' title='bbox 1162 3836 1186 3882; x_wconf 89' lang='lat' dir='ltr'>in</span> <span class='ocrx_word' id='word_1_215' title='bbox 1202 3834 1297 3897; x_wconf 87' lang='lat' dir='ltr'>Suppl.</span> <span class='ocrx_word' id='word_1_216' title='bbox 1312 3837 1382 3896; x_wconf 82' lang='lat' dir='ltr'>pari.</span> <span class='ocrx_word' id='word_1_217' title='bbox 1395 3831 1440 3881; x_wconf 86' lang='lat' dir='ltr'>lll.</span> 
     </span>
     <span class='ocr_line' id='line_1_28' title="bbox 316 3912 1441 3976; baseline -0.003 -16"><span class='ocrx_word' id='word_1_218' title='bbox 316 3930 342 3976; x_wconf 85' lang='lat' dir='ltr'>q.</span> <span class='ocrx_word' id='word_1_219' title='bbox 363 3929 465 3970; x_wconf 80' lang='lat' dir='ltr'>xxxvii,</span> <span class='ocrx_word' id='word_1_220' title='bbox 489 3919 538 3961; x_wconf 84' lang='lat' dir='ltr'>nri.</span> <span class='ocrx_word' id='word_1_221' title='bbox 561 3917 586 3964; x_wconf 81' lang='grc'>5.</span> <span class='ocrx_word' id='word_1_222' title='bbox 608 3915 641 3960; x_wconf 82' lang='lat' dir='ltr'>ed</span> <span class='ocrx_word' id='word_1_223' title='bbox 665 3919 687 3962; x_wconf 77' lang='lat' dir='ltr'>s.</span> <span class='ocrx_word' id='word_1_224' title='bbox 708 3941 734 3948; x_wconf 79' lang='lat'><em>—</em></span> <span class='ocrx_word' id='word_1_225' title='bbox 760 3914 821 3960; x_wconf 82' lang='lat' dir='ltr'>Dixi</span> <span class='ocrx_word' id='word_1_226' title='bbox 847 3918 937 3961; x_wconf 85' lang='lat' dir='ltr'>tumen</span> <span class='ocrx_word' id='word_1_227' title='bbox 963 3915 991 3960; x_wconf 87' lang='lat' dir='ltr'>ut</span> <span class='ocrx_word' id='word_1_228' title='bbox 1016 3912 1138 3965; x_wconf 81' lang='lat' dir='ltr'>ridetur:</span> <span class='ocrx_word' id='word_1_229' title='bbox 1161 3913 1224 3974; x_wconf 83' lang='lat' dir='ltr'>quie</span> <span class='ocrx_word' id='word_1_230' title='bbox 1248 3913 1320 3964; x_wconf 76' lang='lat' dir='ltr'>aiibi,</span> <span class='ocrx_word' id='word_1_231' title='bbox 1346 3925 1441 3971; x_wconf 86' lang='lat' dir='ltr'>nempe</span> 
     </span>
     <span class='ocr_line' id='line_1_29' title="bbox 316 3991 1441 4055; baseline -0.005 -15"><span class='ocrx_word' id='word_1_232' title='bbox 316 3995 379 4042; x_wconf 90' lang='lat' dir='ltr'>dist.</span> <span class='ocrx_word' id='word_1_233' title='bbox 396 3993 480 4050; x_wconf 77' lang='lat' dir='ltr'>XXV,</span> <span class='ocrx_word' id='word_1_234' title='bbox 497 4009 523 4054; x_wconf 85' lang='lat' dir='ltr'>q.</span> <span class='ocrx_word' id='word_1_235' title='bbox 542 4009 562 4043; x_wconf 76' lang='grc' dir='ltr'>ι,</span> <span class='ocrx_word' id='word_1_236' title='bbox 584 3997 633 4042; x_wconf 82' lang='lat' dir='ltr'>ert.</span> <span class='ocrx_word' id='word_1_237' title='bbox 651 4000 677 4045; x_wconf 82' lang='lat' dir='ltr'>i.</span> <span class='ocrx_word' id='word_1_238' title='bbox 699 3993 733 4041; x_wconf 81' lang='lat' dir='ltr'>ud</span> <span class='ocrx_word' id='word_1_239' title='bbox 748 3997 775 4045; x_wconf 79' lang='lat' dir='ltr'>i:</span> <span class='ocrx_word' id='word_1_240' title='bbox 792 3992 898 4055; x_wconf 79' lang='lat' dir='ltr'>Suppl.‚</span> <span class='ocrx_word' id='word_1_241' title='bbox 922 4007 948 4053; x_wconf 88' lang='lat' dir='ltr'>q.</span> <span class='ocrx_word' id='word_1_242' title='bbox 966 4006 1076 4042; x_wconf 82' lang='lat' dir='ltr'>xxxrm.</span> <span class='ocrx_word' id='word_1_243' title='bbox 1097 3995 1148 4040; x_wconf 82' lang='lat' dir='ltr'>ert.</span> <span class='ocrx_word' id='word_1_244' title='bbox 1167 3996 1192 4048; x_wconf 85' lang='lat' dir='ltr'>i,</span> <span class='ocrx_word' id='word_1_245' title='bbox 1212 3991 1245 4038; x_wconf 85' lang='lat' dir='ltr'>ed</span> <span class='ocrx_word' id='word_1_246' title='bbox 1267 3995 1292 4044; x_wconf 73' lang='lat' dir='ltr'>i,</span> <span class='ocrx_word' id='word_1_247' title='bbox 1309 3991 1374 4036; x_wconf 85' lang='lat' dir='ltr'>dicit</span> <span class='ocrx_word' id='word_1_248' title='bbox 1394 4003 1441 4051; x_wconf 87' lang='lat' dir='ltr'>per</span> 
     </span>
     <span class='ocr_line' id='line_1_30' title="bbox 317 4071 1404 4135; baseline -0.004 -17"><span class='ocrx_word' id='word_1_249' title='bbox 317 4073 518 4134; x_wconf 85' lang='lat' dir='ltr'>impositionem</span> <span class='ocrx_word' id='word_1_250' title='bbox 534 4087 628 4120; x_wconf 87' lang='lat' dir='ltr'>munus</span> <span class='ocrx_word' id='word_1_251' title='bbox 646 4073 758 4134; x_wconf 81' lang='lat' dir='ltr'>produci</span> <span class='ocrx_word' id='word_1_252' title='bbox 772 4071 901 4135; x_wconf 77' lang='lat' dir='ltr'>pretinm.</span> <span class='ocrx_word' id='word_1_253' title='bbox 915 4071 983 4118; x_wconf 87' lang='lat' dir='ltr'>Vide</span> <span class='ocrx_word' id='word_1_254' title='bbox 998 4072 1070 4118; x_wconf 77' lang='lat' dir='ltr'>dicte</span> <span class='ocrx_word' id='word_1_255' title='bbox 1086 4085 1180 4133; x_wconf 82' lang='lat' dir='ltr'>supra,</span> <span class='ocrx_word' id='word_1_256' title='bbox 1198 4086 1224 4132; x_wconf 89' lang='lat' dir='ltr'>p.</span> <span class='ocrx_word' id='word_1_257' title='bbox 1239 4073 1292 4120; x_wconf 71' lang='lat' dir='ltr'>ist.</span> <span class='ocrx_word' id='word_1_258' title='bbox 1310 4073 1365 4116; x_wconf 88' lang='lat' dir='ltr'>not.</span> <span class='ocrx_word' id='word_1_259' title='bbox 1384 4073 1404 4114; x_wconf 90' lang='lat' dir='ltr'>i.</span> 
     </span>
    </p>

    <p class='ocr_par' dir='ltr' id='par_1_10' title="bbox 316 4150 1440 4370">
     <span class='ocr_line' id='line_1_31' title="bbox 348 4150 1440 4214; baseline -0.001 -16"><span class='ocrx_word' id='word_1_260' title='bbox 348 4153 358 4186; x_wconf 84' lang='lat'>³</span> <span class='ocrx_word' id='word_1_261' title='bbox 375 4151 450 4204; x_wconf 85' lang='lat' dir='ltr'>Solo.</span> <span class='ocrx_word' id='word_1_262' title='bbox 467 4152 498 4199; x_wconf 90' lang='lat' dir='ltr'>ln</span> <span class='ocrx_word' id='word_1_263' title='bbox 513 4151 553 4199; x_wconf 90' lang='lat' dir='ltr'>IV</span> <span class='ocrx_word' id='word_1_264' title='bbox 566 4153 649 4206; x_wconf 87' lang='lat' dir='ltr'>Sent.,</span> <span class='ocrx_word' id='word_1_265' title='bbox 666 4152 730 4199; x_wconf 82' lang='lat' dir='ltr'>disi.</span> <span class='ocrx_word' id='word_1_266' title='bbox 745 4151 842 4200; x_wconf 70' lang='lat' dir='ltr'>xxii.</span> <span class='ocrx_word' id='word_1_267' title='bbox 859 4167 885 4214; x_wconf 89' lang='lat' dir='ltr'>q.</span> <span class='ocrx_word' id='word_1_268' title='bbox 899 4167 914 4205; x_wconf 83' lang='lat' dir='ltr'>r.</span> <span class='ocrx_word' id='word_1_269' title='bbox 930 4155 981 4199; x_wconf 83' lang='lat' dir='ltr'>ert.</span> <span class='ocrx_word' id='word_1_270' title='bbox 994 4155 1016 4200; x_wconf 82' lang='lat'>³.</span> <span class='ocrx_word' id='word_1_271' title='bbox 1033 4150 1110 4207; x_wconf 81' lang='lat' dir='ltr'>§Per</span> <span class='ocrx_word' id='word_1_272' title='bbox 1124 4163 1208 4213; x_wconf 78' lang='lat' dir='ltr'>quem</span> <span class='ocrx_word' id='word_1_273' title='bbox 1224 4150 1327 4204; x_wconf 79' lang='lat' dir='ltr'>lemen,</span> <span class='ocrx_word' id='word_1_274' title='bbox 1343 4162 1369 4208; x_wconf 86' lang='lat' dir='ltr'>p.</span> <span class='ocrx_word' id='word_1_275' title='bbox 1383 4151 1440 4197; x_wconf 60' lang='grc' dir='ltr'>Μ’,</span> 
     </span>
     <span class='ocr_line' id='line_1_32' title="bbox 318 4224 1440 4293; baseline -0.003 -15"><span class='ocrx_word' id='word_1_276' title='bbox 318 4257 344 4266; x_wconf 85' lang='lat'><em>—</em></span> <span class='ocrx_word' id='word_1_277' title='bbox 362 4231 466 4285; x_wconf 80' lang='lat' dir='ltr'>Estius,</span> <span class='ocrx_word' id='word_1_278' title='bbox 488 4231 537 4278; x_wconf 90' lang='lat' dir='ltr'>loc.</span> <span class='ocrx_word' id='word_1_279' title='bbox 554 4229 610 4281; x_wconf 77' lang='lat' dir='ltr'>cit,</span> <span class='ocrx_word' id='word_1_280' title='bbox 632 4235 643 4286; x_wconf 63' lang='grc' dir='ltr'>,ξ</span> <span class='ocrx_word' id='word_1_281' title='bbox 659 4235 701 4287; x_wconf 84' lang='grc'>16,</span> <span class='ocrx_word' id='word_1_282' title='bbox 723 4246 749 4293; x_wconf 92' lang='lat' dir='ltr'>p.</span> <span class='ocrx_word' id='word_1_283' title='bbox 764 4235 823 4284; x_wconf 83' lang='grc'><strong>307;</strong></span> <span class='ocrx_word' id='word_1_284' title='bbox 841 4259 867 4266; x_wconf 94' lang='grc'>-</span> <span class='ocrx_word' id='word_1_285' title='bbox 884 4230 994 4292; x_wconf 65' lang='lat' dir='ltr'>Nugnm</span> <span class='ocrx_word' id='word_1_286' title='bbox 1016 4229 1047 4276; x_wconf 88' lang='lat' dir='ltr'>ln</span> <span class='ocrx_word' id='word_1_287' title='bbox 1067 4227 1109 4275; x_wconf 91' lang='lat' dir='ltr'>lll</span> <span class='ocrx_word' id='word_1_288' title='bbox 1121 4229 1194 4289; x_wconf 82' lang='lat' dir='ltr'>pori.</span> <span class='ocrx_word' id='word_1_289' title='bbox 1213 4225 1242 4274; x_wconf 88' lang='lat' dir='ltr'>D.</span> <span class='ocrx_word' id='word_1_290' title='bbox 1261 4225 1318 4276; x_wconf 85' lang='lat' dir='ltr'>Tb..</span> <span class='ocrx_word' id='word_1_291' title='bbox 1336 4224 1440 4286; x_wconf 76' lang='lat' dir='ltr'>Suppl..</span> 
     </span>
     <span class='ocr_line' id='line_1_33' title="bbox 316 4309 1133 4370; baseline -0.005 -14"><span class='ocrx_word' id='word_1_292' title='bbox 316 4325 342 4370; x_wconf 87' lang='lat' dir='ltr'>q.</span> <span class='ocrx_word' id='word_1_293' title='bbox 359 4325 459 4356; x_wconf 80' lang='lat' dir='ltr'>xxxrn.</span> <span class='ocrx_word' id='word_1_294' title='bbox 477 4313 527 4354; x_wconf 84' lang='lat' dir='ltr'>nri.</span> <span class='ocrx_word' id='word_1_295' title='bbox 545 4313 571 4356; x_wconf 80' lang='lat'>5.</span> <span class='ocrx_word' id='word_1_296' title='bbox 588 4309 706 4354; x_wconf 73' lang='lat' dir='ltr'>Colonia·</span> <span class='ocrx_word' id='word_1_297' title='bbox 723 4310 893 4370; x_wconf 67' lang='lat' dir='ltr'>Agrippinen.</span> <span class='ocrx_word' id='word_1_298' title='bbox 910 4312 979 4369; x_wconf 68' lang='lat' dir='ltr'>pmt</span> <span class='ocrx_word' id='word_1_299' title='bbox 997 4313 1023 4354; x_wconf 74' lang='grc'>2.</span> <span class='ocrx_word' id='word_1_300' title='bbox 1041 4321 1066 4366; x_wconf 86' lang='lat' dir='ltr'>p.</span> <span class='ocrx_word' id='word_1_301' title='bbox 1081 4309 1133 4352; x_wconf 72' lang='lat' dir='ltr'>its.</span> 
     </span>
    </p>
   </div>
   <div class='ocr_carea' id='block_1_8' title="bbox 0 0 1624 5052">
    <p class='ocr_par' dir='ltr' id='par_1_11' title="bbox 0 0 1624 5052">
     <span class='ocr_line' id='line_1_34' title="bbox 0 0 1624 5052; baseline 0 3"><span class='ocrx_word' id='word_1_302' title='bbox 0 0 1624 5052; x_wconf 95' lang='lat' dir='ltr'> </span> 
     </span>
    </p>
   </div>
  </div>
 </body>
</html>
