3294 5054
323 439 376 494 Itt
590 440 633 490 DE
652 439 791 490 incisus
809 438 924 490 ΒΑΜ
940 441 1179 494 ORDINA'I'IONIS

322 583 455 651 duobus
479 581 614 648 casibus
637 581 758 646 tertius
789 581 965 648 addendus
995 589 1064 663 est,
1090 607 1212 672 nempe
1245 609 1346 652 casus
1378 608 1448 673 quo

324 707 416 764 vacat
435 698 526 762 sedes
545 696 741 781 episcopalis
759 695 941 760 dioecesana
960 695 1090 785 (supra,
1113 721 1146 763 n.
1171 699 1265 782 161,
1285 699 1347 783 2⁰).

367 813 400 878 3⁰
421 813 503 876 Duae
528 819 641 876 autem
666 809 882 874 condiciones
908 811 1141 898 requiruntur,
1165 821 1219 892 ut,
1232 814 1286 915 ‘in
1311 812 1447 878 casibus

322 927 505 1017 praedictiS,
532 925 685 1012 superior
717 925 827 1010 possit
855 923 1028 990 dimittere
1054 925 1232 992 sudetum
1262 927 1305 992 ad
1326 951 1446 1014 quem-

321 1063 467 1129 cumque
496 1039 722 1127 episcopum:
758 1041 806 1102 I.·
824 1038 870 1104 Ut
903 1062 973 1104 non
997 1040 1168 1106 distulerit
1198 1041 1242 1107 de
1279 1041 1447 1106 industria

322 1156 577 1220 concessionem
596 1153 864 1218 dimissoriamm
890 1155 924 1218 in
950 1161 1086 1242 tempus
1111 1178 1179 1243 quo
1202 1155 1292 1220 absit
1317 1156 1447 1242 episco-

322 1294 387 1360 pus
410 1269 638 1346 dioecesanus,
665 1267 720 1332 vel
744 1265 993 1332 ordinationem
1013 1290 1084 1332 non
1110 1269 1155 1334 sit
1183 1267 1378 1348 habiturus,
1398 1305 1447 1318 -

321 1386 354 1450 2.
386 1383 432 1450 Ut
455 1383 609 1470 superior
631 1381 667 1444 in
693 1381 777 1468 ipsis
804 1381 1007 1446 dimissoriis
1034 1383 1204 1470 exprimat
1221 1405 1359 1448 causam
1383 1405 1445 1448 cur

320 1499 471 1563 dimittat
499 1495 542 1560 ad
573 1495 772 1582 episcopum
800 1495 965 1578 alienum,
993 1518 1119 1584 nempe
1152 1498 1231 1585 quia
1264 1498 1445 1585 episcopus

319 1613 532 1678 dioecesanus
556 1617 611 1674 est
631 1608 773 1690 absens,
799 1616 858 1674 aut
884 1633 953 1674 non
977 1609 1155 1676 habiturus
1176 1620 1233 1677 est
1256 1611 1443 1676 ordinatio-

319 1749 411 1791 nem.
444 1726 515 1789 Has
546 1723 631 1788 duas
656 1723 873 1788 condiciones
897 1724 1040 1812 requirit
1064 1727 1238 1790 decretum
1262 1725 1444 1790 Clementi-

320 1864 420 1922 num,
446 1845 487 1904 ut
511 1845 607 1925 patet
630 1861 673 1901 ex
698 1838 772 1924 ipso
799 1837 872 1924 ejus
896 1845 995 1904 textu
1025 1839 1077 1927 (n.
1109 1840 1227 1929 158);
1254 1863 1331 1906 cum
1362 1863 1441 1926 ergo

318 1954 491 2019 indultum
519 1975 555 2016 se
584 1951 708 2016 referat
733 1951 779 2015 ad
812 1951 875 2016 hoc
907 1951 1098 2034 decretum,
1129 1955 1284 2042 superior
1308 1961 1443 2020 tenebit

317 2069 379 2132 has
405 2069 507 2132 etiam
528 2067 747 2131 condiciones
766 2089 914 2130 servare.
942 2067 1019 2131 Nou
1039 2069 1233 2155 putaverim
1252 2077 1366 2134 temen
1386 2092 1441 2133 su-

317 2183 501 2270 periorem,
533 2183 593 2269 qui
625 2181 660 2244 in
693 2181 807 2268 aliquo
835 2181 970 2246 deficiat
1003 2181 1045 2246 ab
1081 2182 1134 2246 bis
1166 2183 1437 2263 condicionibus,

317 2296 487 2360 incurrere
516 2318 635 2382 poenas
666 2295 792 2358 decreti
821 2293 1044 2376 Clementini,
1066 2319 1189 2384 nempe
1215 2297 1440 2384 privationem

317 2410 438 2492 officii,
469 2411 566 2474 vocis
589 2409 721 2490 activae,
747 2415 830 2489 etc.;
857 2431 940 2474 narn
968 2410 1113 2474 relatum
1139 2433 1241 2498 supra
1265 2411 1316 2499 (n.
1344 2411 1439 2499 178)

316 2513 503 2604 indultum,
524 2523 607 2588 dnm
632 2523 743 2604 addit,
769 2523 804 2586 in
827 2522 911 2603 fine,
935 2549 951 2582 n
968 2524 1067 2611 juxta
1086 2525 1260 2590 decretum
1281 2524 1441 2590 Clemen-

316 2639 360 2702 tis
388 2638 487 2720 VIII,
514 2637 570 2701 die
598 2639 639 2702 ¹5
666 2637 782 2702 martii
801 2637 905 2720 1596,
938 2665 954 2698 n
978 2639 1109 2724 allegat
1129 2637 1269 2726 quidem
1295 2638 1438 2720 fontem,

315 2753 405 2818 unde
428 2753 608 2839 desumpta
630 2751 696 2815 fuit
723 2751 900 2838 dispositio
923 2752 1064 2835 indulti,
1088 2775 1159 2817 non
1184 2775 1268 2818 vero
1289 2752 1440 2817 intendit

316 2890 478 2932 renovare
498 2873 610 2930 totum
627 2865 715 2930 illud
738 2865 912 2930 decretum
934 2867 1048 2954 quoad
1072 2889 1190 2932 omnes
1209 2867 1282 2954 ejus
1301 2873 1436 2954 partes;

316 2981 437 3045 saltem
461 2981 497 3045 id
519 3002 588 3044 non
611 2981 844 3067 praesumitur,
866 2980 1054 3068 prasertim
1076 2979 1113 3044 in
1131 2981 1272 3046 materia
1291 2979 1435 3068 poenali,

313 3117 392 3159 cum
406 3118 515 3182 poenae
530 3095 600 3158 sint
618 3093 743 3158 strictae
762 3093 1062 3182 interpretationis.

359 3209 393 3270 I⁰
416 3207 561 3286 Quando
591 3208 705 3294 agitur
726 3207 767 3272 de
801 3207 971 3295 superiore
1004 3207 1174 3293 reputari,
1202 3216 1324 3294 practer
1353 3209 1437 3274 duas

314 3323 439 3388 relatas
458 3322 690 3403 condicioneS,
713 3321 850 3388 tertiam
870 3343 1004 3386 servare
1024 3321 1139 3403 debet,
1161 3344 1283 3409 nempe
1302 3331 1437 3386 attesta-

315 3437 440 3501 tionem
458 3437 576 3500 vicarii
594 3435 762 3521 qeneralis
779 3443 841 3500 aut
858 3435 1063 3519 canceltarii,
1074 3437 1228 3500 metantis
1245 3437 1436 3521 episcopum

313 3551 536 3614 dioeoesanum
558 3573 627 3614 esre
652 3572 766 3614 reuera
788 3551 961 3614 absentem
983 3557 1045 3614 aut
1069 3572 1138 3614 non
1158 3550 1362 3615 ludunum
1378 3573 1436 3614 or-

312 3665 543 3746 dinationem,·
574 3686 618 3727 ex
657 3663 830 3728 Benedicti
865 3662 944 3727 XIV
978 3661 1074 3729 bulla
1106 3665 1262 3750 Impositi
1294 3663 1432 3752 (supra,

313 3801 347 3843 n.
383 3778 482 3863 159,
507 3779 573 3864 4⁰).
604 3776 692 3842 Cum
725 3785 840 3842 autem
871 3777 984 3864 agibir
1020 3779 1061 3842 de
1088 3778 1259 3866 superiore
1287 3777 1436 3844 instituti

312 3901 470 3957 votorum
489 3891 713 3979 simplicium,
735 3891 806 3956 haec
829 3891 929 3956 tertia
950 3891 1103 3957 condicio
1123 3915 1188 3978 per
1207 3915 1329 3957 senon
1348 3891 1435 3957 obli-

311 4015 386 4093 gat,
417 4029 494 4071 cum
521 4005 579 4071 cit.
611 4005 783 4070 indultum
810 4029 847 4070 se
875 4005 998 4071 reserat
1025 4005 1163 4094 quidem
1188 4005 1233 4071 ad
1257 4005 1434 4072 decretum

312 4119 581 4200 Clementinum,
613 4143 685 4183 non
713 4143 793 4184 vero
821 4119 865 4186 ad
893 4119 1023 4185 bullam
1052 4119 1328 4201 Benedictinum,
1359 4143 1434 4208 quse

310 4234 447 4298 aliunde
466 4257 509 4297 ex
528 4257 565 4297 se
585 4255 652 4296 non
672 4233 810 4320 respicit
828 4233 895 4296 nisi
915 4233 1114 4320 Regulares.
1136 4233 1223 4298 Cum
1243 4241 1356 4299 tamen
1376 4257 1434 4298 su-
