3316 5052
351 497 404 548 322
618 498 662 547 DE
681 497 819 548 Leurnus
838 497 953 548 SACRAE
971 495 1208 548 onnlrtnrronrs

352 665 421 719 res,
444 643 522 706 licet
543 640 706 721 habeant,
722 643 757 704 vi
775 639 915 720 indulti,
933 645 1136 728 potestatem
1156 639 1364 704 concedendi
1382 638 1478 702 litte-

352 779 407 820 ras
431 755 640 820 dimissorias
660 754 806 819 subditis
826 755 915 837 suis,
937 753 1031 818 nullo
1051 753 1151 818 modo
1176 760 1256 818 sunt
1281 753 1474 833 Ordinarii,

352 894 414 935 nec
440 870 503 934 hoe
531 870 667 934 nomine
694 877 869 934 vocantur.
895 868 994 934 Unde
1018 867 1148 933 dabunt
1171 867 1408 934 attestationes
1432 867 1475 932 de

351 983 517 1064 moribus,
543 984 713 1064 doctrina,
740 985 828 1064 vita,
853 991 934 1065 eto,
957 981 1102 1064 subditi,
1128 989 1162 1048 et
1185 982 1366 1070 episeopus
1389 981 1472 1062 loci,

349 1099 491 1164 attentis
515 1099 567 1163 his
592 1098 870 1164 attestationibus
894 1107 928 1163 et
951 1097 1028 1162 aliis
1052 1097 1282 1178 documentis,
1308 1119 1384 1185 quae
1408 1095 1476 1161 lor-

349 1235 411 1276 san
431 1211 567 1276 aliunde
587 1212 710 1278 habere
729 1213 871 1302 poterit,
893 1211 989 1278 dabit
1007 1213 1266 1277 testimoniales.

395 1327 426 1391 Ἰ.
455 1327 582 1391 Prreter
610 1327 840 1413 supradictos,
871 1327 987 1391 nullus
1015 1326 1103 1392 alius
1126 1325 1206 1391 dare
1234 1333 1347 1415 potest
1376 1326 1474 1391 testi-

349 1441 526 1506 moniales.
550 1439 587 1504 ln
608 1441 736 1528 speeie,
759 1449 869 1506 rector
888 1441 1061 1506 seminarii
1080 1441 1165 1529 (nisi
1189 1441 1235 1506 sit
1257 1441 1359 1506 simul
1383 1441 1474 1506 vica-

349 1555 420 1619 rius
448 1554 636 1644 generalis)
665 1556 725 1620 has
758 1555 890 1620 litteras
920 1557 1000 1620 dare
1030 1555 1166 1642 nequit3
1199 1577 1268 1620 non
1300 1555 1390 1620 enim
1421 1561 1475 1620 est

350 1669 565 1734 Ordineriue.
586 1669 684 1736 Unde
703 1669 737 1734 in
757 1669 820 1733 hoc
839 1691 942 1734 sensu
960 1669 1135 1757 respondit
1160 1668 1194 1734 S.
1216 1669 1344 1755 Congr.
1366 1668 1470 1734 Cone.

348 1783 383 1848 in
404 1784 604 1865 Ferentino,
627 1784 668 1847 lt
684 1783 763 1870 julii
785 1783 869 1850 {894
888 1786 967 1870 (per
984 1783 1171 1848 summaria
1186 1783 1380 1870 precum)¹.

395 2046 489 2114 126.
503 2045 552 2096 ’-
573 2047 797 2124 Quaeriturt
824 2049 863 2114 5⁰
881 2046 977 2110 Num
998 2046 1221 2132 requirantur
1241 2046 1360 2110 littere
1382 2046 1471 2110 teeti-

347 2161 510 2225 moniales
530 2184 596 2246 pro
622 2171 858 2247 temporeque
878 2160 1088 2224 ordinandus
1111 2167 1341 2224 commoratus
1364 2167 1413 2224 cst
1436 2161 1470 2223 in

345 2275 526 2339 seminario
546 2275 661 2339 alienae
681 2275 838 2340 diocesis.

392 2389 488 2474 Beap.
509 2411 521 2455 .·
543 2393 573 2453 l.
598 2387 635 2453 ln
655 2411 796 2474 genere,
818 2389 1037 2475 requiruntur
1060 2387 1188 2452 litterae
1205 2389 1468 2468 testimoniales,

305 2573 307 2579 ,
346 2525 414 2568 non
440 2503 577 2590 quidem
597 2503 632 2566 vi
652 2501 754 2567 bullar
778 2501 1027 2588 Speculatores,
1051 2524 1125 2590 quae
1149 2501 1238 2566 hune
1263 2509 1377 2566 casum
1403 2524 1471 2566 non

346 2617 483 2703 respicit
517 2616 572 2702 (ut
608 2617 735 2681 dietum
773 2623 825 2680 est
858 2637 976 2702 supra,
1007 2639 1042 2684 n.
1076 2614 1191 2702 124),
1216 2616 1275 2680 sed
1307 2616 1341 2679 vi
1368 2615 1472 2682 bullae

345 2731 547 2816 Apostolicae
572 2731 683 2812 Sedis,
711 2752 786 2818 qum
810 2736 925 2816 aperte
947 2727 1047 2816 jubet
1070 2728 1195 2816 requiri
1222 2729 1471 2795 testimoniales

344 2845 481 2931 quando
506 2842 663 2908 subditus
688 2843 845 2930 proprius
871 2871 886 2902 a
915 2823 995 2906 alibi
1020 2841 1116 2906 tanto
1140 2850 1292 2932 tempore
1318 2851 1471 2909 moratus

345 2957 405 3038 sit,
437 2965 475 3021 ut
504 2957 703 3022 canonicum
732 2955 1015 3044 impedimentum
1042 2957 1240 3022 contrahere
1271 2957 1317 3022 ibi
1348 2965 1471 3047 potue-

345 3071 388 3134 rit
411 3093 446 3151 n;
479 3071 569 3159 quod
597 3071 699 3134 etiam
727 3093 927 3156 responsum
954 3071 1018 3136 fuit
1043 3095 1061 3136 a
1087 3071 1121 3136 S.
1149 3071 1275 3158 Congr.
1304 3071 1408 3138 Cone.
1435 3073 1469 3136 in

345 3185 402 3251 cit.
425 3186 622 3249 Parentina.

389 3301 421 3363 2.
456 3299 619 3387 Specialis
650 3321 730 3363 vero
764 3321 862 3364 casus
893 3301 1089 3387 contingere
1120 3307 1250 3386 potest,
1280 3307 1319 3364 ut
1349 3321 1469 3387 nempe

344 3413 572 3494 ordinanduS,
606 3413 639 3476 in
671 3413 851 3478 seminario
886 3413 1004 3478 alienae
1035 3411 1190 3477 dioecesis
1221 3421 1468 3494 commoratuS,

344 3526 532 3608 ordinetur,
554 3549 622 3592 non
642 3549 661 3592 a
681 3527 817 3614 proprio
837 3527 996 3614 episcopo
1021 3528 1055 3591 in
1079 3527 1213 3616 propria
1233 3527 1386 3606 dioeoesi,
1409 3526 1471 3590 sed

346 3640 381 3704 in
401 3641 474 3728 ipso
495 3641 674 3706 seminario
690 3649 749 3706 aut
768 3641 802 3705 in
823 3641 897 3730 ipsa
912 3641 1065 3722 civitate,
1083 3639 1140 3705 ubi
1160 3647 1212 3705 est
1231 3640 1468 3721 seminarium,

345 3754 381 3818 vi
413 3754 679 3821 dimissoriarum
714 3755 840 3843 proprii
873 3755 1032 3842 episcopi.
1067 3754 1122 3820 Sic
1155 3754 1268 3819 elerici
1300 3753 1382 3841 galli
1412 3755 1471 3842 qui

346 3869 464 3934 Romae
484 3869 517 3933 in
538 3870 717 3934 seminario
730 3869 861 3934 Gallico
875 3875 1137 3950 commorantur,
1155 3867 1350 3934 acardinali
1368 3867 1472 3934 Urbis

346 3983 489 4064 vicario,
508 3983 541 4047 vi
561 3983 828 4048 dimissoriarum
847 3983 973 4070 proprii
994 3983 1159 4071 episcopi,
1182 3982 1398 4063 ordinantur;
1421 3983 1471 4048 sie

346 4099 449 4164 etiam
474 4097 602 4162 alumni
627 4097 763 4184 majoris
784 4097 956 4162 seminarii
976 4097 1192 4180 Parisiensis‚
1215 4097 1273 4186 qui
1292 4097 1334 4161 ad
1355 4098 1470 4162 varias

378 4313 387 4344 ¹
405 4311 469 4358 Acta
486 4309 510 4355 S.
526 4307 613 4358 Sedis.
631 4312 650 4355 t.
668 4323 752 4364 xxvii,
771 4325 796 4372 p.
814 4313 935 4358 iss-tea.
