3270 5050
342 575 358 624 4
609 575 652 626 DE
672 575 812 626 LEGIBUS
833 573 946 626 SACRAE
966 573 1204 625 ORDINA'I'IONIS

341 741 452 783 suum.
475 758 518 768 —
537 717 640 798 Item,
661 725 741 806 post
758 719 1041 783 resurrectionem
1061 741 1174 798 suem,
1196 716 1291 782 dedit
1310 716 1467 783 Christus

341 833 504 920 apostolis
518 839 723 920 potestatem
739 831 933 896 dimittendi
947 837 1103 919 peccata,
1117 831 1171 894 his
1185 829 1298 895 verbis
1313 849 1321 898 :
1339 859 1354 890 u
1372 830 1468 896 Sicut

341 947 433 1009 misit
452 967 506 1012 me
526 945 639 1026 Pater,
661 952 696 1010 et
715 967 777 1030 ego
792 945 890 1010 mitto
906 967 1010 1033 vps...
1029 943 1184 1033 Accipite
1203 944 1367 1032 Spiritum
1387 965 1467 1008 san-

341 1067 449 1138 ctum,
467 1081 618 1145 quorum
636 1059 833 1123 remiseritis
843 1067 997 1144 peccata,
1021 1059 1319 1141 remittuntureis,
1337 1065 1369 1122 et
1383 1079 1467 1143 quo-

342 1195 420 1236 rum
441 1173 665 1255 retinueritis,
690 1181 817 1236 retenta
837 1181 930 1238 sunt.
957 1201 972 1234 n
993 1173 1106 1254 Joan.,
1128 1193 1191 1252 nx,
1214 1171 1340 1237 21-23.

385 1284 419 1350 b.
433 1285 648 1350 Auctoritate
663 1287 796 1350 concilii
816 1285 1018 1351 Tridentini.
1029 1286 1185 1351 -Juxta
1200 1283 1307 1349 relata
1319 1283 1419 1348 Luce
1432 1289 1466 1346 et

341 1397 439 1464 Pauli
458 1398 578 1477 verba,
601 1399 782 1464 concilium
797 1399 889 1465 Trid.
912 1399 1082 1479 definivit,
1101 1421 1174 1464 can.
1194 1397 1230 1478 2,
1249 1420 1333 1463 sess.
1355 1394 1463 1476 XXII,

341 1513 391 1576 De
407 1532 577 1578 sucurrrcro
596 1531 718 1578 mssa:
741 1539 756 1572 α
780 1511 815 1576 Si
835 1511 912 1600 quis
927 1511 1051 1576 dixerit
1070 1511 1139 1576 illis
1158 1509 1271 1574 verbis
1289 1509 1393 1576 :Hoc
1412 1513 1465 1593 sa-

338 1627 401 1690 cite
421 1627 454 1689 in
476 1649 585 1690 meam
604 1627 974 1709 commemorationem,
996 1624 1170 1691 Christum
1195 1646 1262 1688 non
1282 1623 1464 1688 instituisse

338 1741 506 1825 apostotos
524 1741 728 1823 sacerdotes,
750 1745 897 1804 autnon
918 1739 1093 1803 ordinasse
1114 1744 1152 1802 ut
1176 1738 1241 1825 ipsi
1264 1737 1389 1824 aliique
1409 1759 1464 1800 sa-

339 1853 494 1917 cerdotes
525 1857 688 1938 offerrent
714 1874 836 1938 eorpus
861 1859 894 1915 et
918 1853 1120 1937 sanquinem
1144 1874 1262 1935 suum,
1277 1837 1463 1914 'anathema

338 1967 394 2032 sit.
421 1994 437 2026 »
464 1965 567 2046 Item,
594 1989 668 2031 can.
693 1965 728 2046 I,
755 1989 838 2030 sess.
861 1963 991 2045 XXIII,
1013 1964 1065 2028 Dr
1084 1985 1289 2031 senmurum
1309 1981 1460 2030 osnrrus:

338 2107 353 2141 κ
373 2080 409 2146 Si
424 2080 501 2168 quis
517 2079 640 2144 dixerit
660 2101 726 2143 non
744 2101 817 2144 esse
833 2079 867 2142 in
887 2077 984 2144 Novo
999 2078 1217 2142 Testamento
1236 2079 1462 2143 sacerdotium

338 2195 466 2259 visibile
481 2201 513 2257 et
532 2203 728 2276 externum,
745 2191 801 2256 vel
820 2214 888 2256 non
908 2215 982 2256 esse
997 2200 1200 2278 potestatem
1214 2193 1367 2278 aliquam
1386 2213 1463 2256 con·

335 2307 490 2372 secrandi
508 2316 541 2370 et
560 2307 725 2391 offerendi
744 2328 866 2391 corpus
886 2313 918 2370 et
938 2307 1139 2390 sanquinem
1159 2305 1313 2389 Domini,
1334 2314 1366 2370 et
1385 2327 1463 2390 pec·

336 2429 408 2485 cata
430 2421 624 2485 remittendi
638 2428 669 2482 et
686 2420 868 2502 retinendi,
891 2419 951 2484 sed
966 2419 1114 2484 officium
1129 2427 1264 2485 tantum
1279 2427 1313 2483 et
1332 2419 1460 2484 nudum

336 2534 563 2600 ministerium
581 2532 787 2622 praedicandi
803 2531 1044 2619 Evangelium,
1062 2531 1119 2598 vel
1137 2533 1268 2622 eosqui
1287 2555 1356 2596 non
1375 2555 1462 2618 prae-

336 2647 449 2712 dicant
480 2670 618 2734 prorsus
644 2669 713 2710 non
738 2669 813 2710 esse
844 2646 1053 2729 sacerdotes,
1076 2647 1257 2712 anathema
1283 2646 1338 2712 sit.
1365 2677 1381 2706 n
1406 2644 1459 2711 Cf.

335 2761 438 2825 etiam
462 2783 535 2847 cap.
561 2759 792 2844 Sacrificium,
820 2761 857 2840 I,
878 2759 1030 2846 ejusdem
1054 2759 1232 2840 sessionis,
1255 2759 1306 2825 Dr:
1330 2780 1459 2826 oumnn.

350 2909 353 2914 ·
380 2874 414 2938 2ο
433 2873 514 2936 Haec
533 2879 684 2960 potestas
702 2873 922 2937 consecrandi
942 2881 976 2938 et
994 2873 1136 2960 proinde
1157 2875 1220 2939 hoc
1235 2873 1460 2940 sacerdotium

336 2987 530 3052 institutum
545 2985 614 3050 'suit
629 3010 647 3050 a
663 2984 799 3051 Christo
821 2987 919 3050 modo
937 2989 1154 3072 permanenti
1172 2997 1205 3052 et
1218 2997 1401 3074 perpetuo,
1423 2996 1460 3054 ut

336 3107 469 3165 constat
492 3123 534 3164 ex
559 3099 674 3165 relatis
698 3123 717 3164 a
744 3099 852 3164 Paulo
875 3099 1017 3166 verbis:
1046 3127 1062 3160 o
1152 3100 1298 3166 Mortem
1324 3101 1461 3166 Domini

336 3211 600 3294 annuntiabitis,
622 3215 725 3278 donec
749 3214 875 3296 veniat,
900 3241 915 3273 n
938 3213 1060 3297 idest,
1082 3214 1190 3280 donec
1210 3239 1327 3281 rursus
1346 3215 1462 3280 veniat

332 3327 545 3414 judicaturus
568 3327 666 3392 vivos
690 3335 724 3392 et
748 3333 912 3392 mortuos
941 3366 987 3375 —
1009 3327 1159 3392 Aliunde
1186 3329 1388 3394 sacrificium
1414 3329 1461 3394 ita

337 3441 557 3528 conjunctum
577 3447 629 3506 est
653 3440 858 3522 sacerdotio,
880 3447 918 3504 ut
942 3440 1014 3505 sine
1033 3440 1097 3506 hoc
1122 3463 1184 3506 nec
1205 3465 1279 3508 esse
1298 3466 1361 3508 nec
1380 3467 1463 3508 con-

337 3555 402 3640 cipi
418 3561 519 3641 quest
532 3553 589 3639 (ef.
607 3553 726 3632 Hebr.,
742 3575 775 3634 v,
795 3551 845 3642 I);
863 3553 957 3642 atqui
973 3555 1186 3638 sacrificium,
1202 3555 1293 3644 quod
1306 3555 1462 3622 Christus

338 3666 487 3731 instituit
510 3666 544 3729 in
569 3665 689 3730 ultima
713 3688 824 3746 coena,
847 3675 919 3732 erat
942 3675 1161 3754 perpetuum,
1183 3678 1221 3735 ut
1243 3677 1338 3757 patet
1363 3670 1462 3734 dictis

338 3779 467 3859 verbis,
496 3779 607 3843 Donec
637 3781 765 3862 veniat,
794 3803 874 3868 ergo
906 3788 941 3845 et
971 3781 1211 3850 sacerdotium.
1238 3783 1336 3849 Unde
1365 3783 1462 3849 relati

339 3915 487 3957 canones
520 3891 709 3956 Tridentini
738 3893 988 3960 institutionem
1018 3901 1217 3982 perpetuam
1248 3897 1399 3962 referunt
1429 3904 1463 3962 et

339 4005 516 4071 dctiniunt.

385 4117 418 4183 3⁰
437 4117 550 4198 Unde,
573 4115 674 4204 juxta
694 4115 821 4183 Christi
840 4126 1065 4206 praeceptum,
1087 4120 1232 4207 apostoli
1252 4120 1337 4188 alios
1357 4145 1466 4188 sacer·

340 4232 437 4296 dotes
462 4229 704 4311 instituerunt,
731 4229 794 4296 hos
823 4238 938 4298 autem
965 4232 1188 4300 instituerunt
1217 4235 1287 4300 ritu
1315 4237 1466 4322 quodam

341 4353 479 4418 esterno
498 4353 529 4408 et
549 4343 674 4408 visibili
679 4393 689 4428 ,
710 4352 750 4410 ut
769 4367 892 4434 nempe
916 4345 1064 4413 instituti
1084 4347 1277 4414 secerdotes
1301 4373 1320 4414 a
1344 4351 1465 4416 ceteris
