3316 5052
336 479 380 528 DE
399 479 518 529 DEBITA
537 477 759 530 SUCCESSIONE
777 479 1052 532 REGIPIENDORUM
1070 483 1223 535 ORDINUM
1289 483 1337 534 2ῖ1

235 609 236 614 ¹
264 623 300 687 4⁰
318 621 438 702 Quoad
452 623 606 708 primam
626 631 819 706 tonsuram,
840 623 964 688 iterum
984 624 1079 690 nulla
1098 626 1154 692 len
1173 633 1226 692 est
1243 651 1342 714 penc-

220 737 303 802 ralis
319 737 462 822 scripta,
485 759 560 824 quae
575 735 695 822 jubeat
713 736 807 802 illam
826 737 986 824 praemitti
1006 739 1183 806 ordinibus
1201 743 1340 808 minori-

218 850 295 916 bus.
317 889 361 900 —
378 851 544 916 Attamen
563 851 754 916 communis
769 857 822 916 est
836 851 1013 917 doctorum
1028 853 1158 941 opinio,
1176 878 1250 920 vere
1265 858 1341 922 dari

213 973 423 1051 praeceptum
443 965 625 1051 recipiendi
638 966 792 1050 primam
808 973 983 1032 tonsuram
998 975 1075 1032 ante
1091 969 1237 1034 minores
1251 973 1343 1036 ordi·

219 1104 292 1166 nes,
314 1088 387 1145 tum
405 1080 500 1168 quia,
519 1103 561 1144 ex
579 1079 744 1167 principio
764 1103 844 1144 mox
863 1080 986 1162 relate,
1003 1083 1177 1166 qradattm
1195 1083 1340 1150 bonores

217 1194 341 1260 delcrri
369 1193 514 1274 debent,
543 1217 660 1281 porr0,
688 1192 768 1258 licet
796 1201 938 1260 tonsura
966 1194 1176 1284 probabilius
1201 1221 1271 1263 non
1297 1200 1343 1264 sit

217 1310 318 1392 ordo,
343 1315 494 1374 attamen
519 1313 611 1372 certo
635 1313 688 1372 est
712 1309 858 1392 predas,
884 1297 1049 1396 cum'per
1077 1332 1153 1402 eam
1179 1312 1343 1382 clericalis

218 1425 301 1487 ordo
328 1427 527 1508 conseratur
554 1419 647 1509 (cap.
676 1422 763 1486 Cam
789 1423 982 1508 continpat,
1010 1426 1068 1504 tl,
1096 1425 1147 1488 Da
1173 1447 1279 1492 nram
1303 1449 1342 1492 nr

218 1557 411 1619 Quamnam,
433 1537 537 1624 etc.);
559 1543 696 1602 -tum
714 1536 882 1624 praecipue
901 1544 1040 1625 propter
1059 1538 1288 1614 universalem
1307 1549 1341 1606 et

217 1651 451 1717 firmissimam
479 1649 759 1716 consuetudinem
788 1673 865 1738 quae
892 1651 1039 1716 invaluit
1064 1653 1100 1716 in
1126 1653 1190 1719 hoc
1217 1677 1338 1738 sensu,

218 1767 322 1831 etiam
333 1773 413 1831 ante
426 1787 521 1830 conc.
534 1764 624 1829 Trid.
637 1764 789 1830 —Unde
799 1764 903 1830 etiam
913 1765 960 1830 ita
973 1765 1154 1832 resolvisse
1164 1767 1199 1834 S.
1213 1768 1337 1858 Congr.

217 1879 338 1962 Cone,
359 1902 415 1945 an.
440 1877 542 1960 1588,
564 1877 668 1943 refert
687 1878 892 1958 Gallemart,
912 1879 948 1944 in
967 1902 1058 1945 conc.
1083 1881 1192 1966 Tria,
1209 1883 1244 1947 in
1264 1906 1339 1972 cap.

219 1993 285 2070 Qui
303 1995 377 2080 pie,
401 1993 458 2075 11,
480 2015 564 2058 sess.
587 1991 717 2072 XXIII,
740 1993 791 2057 Dn
814 1996 920 2059 ΚΕΗ.
943 1994 1108 2060 -Unde
1132 2019 1201 2060 non
1225 2005 1342 2085 posset

217 2109 295 2197 quis
314 2109 356 2174 ab
376 2108 439 2174 hac
458 2108 616 2197 opinione
634 2107 791 2172 recedere
811 2107 884 2172 sine
903 2108 1095 2173 temeritate
1105 2112 1127 2172 ².

265 2319 359 2388 105.
380 2318 721 2408 -ΑΟτᾶίιιαῖίοιιοε
740 2335 812 2405 per
831 2317 977 2386 saltum
995 2318 1153 2388 velidae.

265 2437 297 2496 l⁰
327 2433 362 2500 Si
390 2432 596 2521 recipiantur
624 2432 759 2496 ordines
789 2432 893 2514 sacri,
924 2431 1061 2497 omissis
1089 2433 1278 2500 minoribus
1305 2437 1341 2500 in

217 2555 328 2614 totum
347 2547 403 2612 vel
421 2548 456 2612 in
475 2553 589 2634 parte,
606 2545 719 2610 valide
736 2545 956 2634 recipiuntur.
973 2545 1177 2613 -Constat
1195 2571 1237 2612 ex
1256 2551 1341 2614 anti-

217 2685 285 2750 qua
304 2661 483 2750 disciplina
503 2683 605 2749 supra
624 2660 796 2748 exposIta,
812 2660 914 2748 juxta
933 2683 1036 2748 quam
1055 2659 1212 2726 solebant
1236 2663 1342 2752 accipi

217 2776 354 2842 ordines
380 2777 483 2858 sacri,
510 2775 646 2840 omissis
670 2773 874 2856 nrinoribus,
901 2775 1001 2840 modo
1026 2797 1113 2857 uno,
1139 2774 1239 2841 modo
1263 2777 1340 2863 plu-

218 2890 328 2972 ribus,
354 2891 436 2979 quin
465 2911 616 2978 unquam
642 2888 784 2954 dubium
812 2895 943 2954 motum
971 2887 1072 2953 luerit
1096 2889 1138 2953 de
1166 2889 1343 2957 validitate

217 3004 483 3070 ordinationum.
1010 2975 1017 2992 ⁵

261 3120 297 3183 20
320 3119 356 3185 Si
375 3119 556 3208 recipiatur
578 3119 775 3183 diaconatus
781 3168 792 3200 ,
815 3116 940 3182 omisso
965 3116 1230 3200 subdiaconatu,
1252 3120 1341 3207 pari—

218 3242 269 3299 ter
291 3233 406 3300 valida
429 3238 482 3298 est
505 3231 673 3298 ordinatio
700 3231 910 3296 diaconatus.
938 3230 1084 3296 Constat
1107 3231 1215 3297 relato
1239 3255 1340 3321 supra

218 3347 270 3433 (n.
296 3349 394 3434 103,
416 3347 467 3436 3⁰)
487 3369 562 3412 can.
583 3345 801 3428 Sollicitudo,
825 3347 860 3426 1,
882 3345 962 3410 dist.
989 3343 1067 3427 LII,
1089 3367 1156 3432 quo
1181 3345 1341 3412 Pontifex

217 3463 382 3528 omissum
415 3459 696 3526 subdiaconatum
728 3459 834 3547 recipi
862 3457 977 3545 jubet,
1011 3481 1080 3523 non
1113 3482 1195 3524 vero
1226 3460 1340 3528 iterari

216 3583 370 3665 receptas
389 3575 581 3664 superiores
595 3573 842 3653 ordinationes,
860 3595 946 3660 quas
961 3579 1098 3638 econtra
1112 3572 1244 3640 validas
1259 3598 1340 3664 sup·

216 3691 326 3780 ponit.
352 3689 501 3755 Aliunde
526 3687 791 3754 subdiaconatus
814 3687 872 3751 diu
895 3685 960 3752 fuit
983 3687 1066 3752 ordo
1089 3687 1212 3768 minor,
1239 3711 1340 3777 quem

215 3807 356 3894 insuper
373 3803 589 3893 praetermisit
607 3801 809 3869 Sardioense
833 3800 1016 3866 concilium
1036 3800 1089 3888 (n.
1114 3802 1212 3887 102,
1235 3801 1284 3892 1⁰)
1305 3803 1339 3866 in

216 3941 293 3986 can.
317 3919 370 3985 13.

249 4057 256 4091 ¹
276 4057 324 4105 Ed.
338 4057 472 4116 venetiis,
488 4061 562 4114 1780,
579 4071 605 4118 p.
619 4057 741 4102 ass-256.

247 4135 354 4185 *nanc
372 4135 529 4198 opinionem
549 4135 657 4192 tenent,
678 4133 749 4181 inter
767 4132 847 4190 alios,
869 4131 1059 4191 lleiltenstuel,
1079 4133 1106 4179 in
1126 4131 1169 4180 tit.
1185 4131 1223 4180 De
1241 4130 1342 4180 elerico

212 4229 266 4279 per
278 4213 381 4264 saltum
390 4215 526 4276 promoto,
539 4227 565 4262 n.
576 4217 604 4272 6;
621 4239 649 4248 -
665 4210 824 4272 Scbmalzg,
835 4210 862 4258 in
877 4210 966 4258 eumd.
978 4210 1031 4266 tit..
1044 4225 1069 4258 n.
1081 4214 1125 4269 to;
1137 4209 1340 4268 -Thesaurus,

217 4293 255 4342 De
266 4291 367 4357 poents,
384 4301 413 4340 v⁰
429 4291 514 4350 Ordo,
531 4305 555 4340 c.
572 4305 630 4351 xrn,
645 4289 752 4348 Itomae,
769 4293 842 4348 1760,
859 4303 885 4352 p.
901 4293 956 4338 ³16.
