3290 5060
347 443 398 496 {60
613 447 656 498 DE
675 447 813 498 LEGIBUS
834 447 948 498 SACRAE
966 447 1203 502 ORDleTlONlS

344 589 483 680 quidem
503 589 703 656 dimissoriae
723 591 765 656 R.
788 591 982 674 Pontificis,
1004 593 1063 658 sed
1083 593 1190 662 itaut
1212 602 1294 661 tunc
1316 597 1467 664 habean-

343 713 399 772 tur
422 705 525 770 etiarn
548 704 669 770 litterae
694 705 978 771 commendatitiae
1001 709 1129 796 proprii
1153 709 1319 800 episcopi;
1345 713 1375 778 si
1399 737 1466 780 non

342 819 530 886 habeantur
553 819 753 885 dimissoriae
777 821 819 886 R.
848 820 1022 886 pontificis
1046 845 1108 909 per
1130 826 1287 910 qenerate
1310 836 1370 892 aut
1392 852 1467 916 spc-

341 935 425 1002 ciate
452 933 655 1020 rescriptum
681 935 733 998 vet
753 935 992 1022 priuiteqium,
1018 942 1099 1002 tunc
1123 961 1191 1004 non
1215 939 1389 1006 sufficiunt
1407 943 1465 1008 lit-

341 1059 422 1116 tcrae
459 1049 739 1114 commendatitiae
774 1049 902 1136 proprii
942 1051 1114 1139 episcopi,
1150 1053 1210 1118 sed
1247 1055 1465 1144 requiruntur

340 1165 442 1254 hujus
465 1163 680 1246 dimissoriae,
705 1185 785 1228 nam
810 1191 825 1224 ιι
848 1165 1084 1255 unusquisque
1108 1189 1127 1232 a
1146 1170 1291 1254 proprio
1313 1173 1464 1260 episcopo

340 1280 519 1346 ordinetur
540 1305 570 1360 u,
591 1277 709 1365 utique
728 1299 861 1365 perse,
881 1279 938 1344 vel
956 1279 1150 1366 paralium.

384 1419 412 1460 e.
443 1392 569 1480 Legem
595 1397 736 1456 renovat
766 1391 959 1480 specialiter
989 1416 1085 1460 conc.
1113 1394 1220 1477 Trid.,
1251 1398 1364 1487 quoad
1392 1402 1463 1486 epi·

338 1529 454 1595 scopos
474 1505 648 1590 titulares,
670 1527 744 1594 cap.
762 1505 810 1570 Et
824 1507 1003 1592 quoniam,
1020 1506 1057 1589 2,
1076 1529 1161 1577 sess.
1178 1509 1270 1592 XIV,
1289 1512 1341 1577 De
1360 1534 1430 1580 nur.
1451 1534 1458 1580 :

342 1651 356 1683 a
385 1623 493 1688 Nemo
523 1620 760 1708 episcoporum
793 1620 851 1708 qui
883 1619 1039 1686 titulares
1070 1630 1253 1706 vocantur,
1345 1628 1461 1714 vigore

338 1735 489 1824 cujusvis
504 1733 674 1822 privilegii
692 1731 758 1798 sibi
781 1733 823 1798 dc
847 1733 1078 1822 promovendo
1103 1759 1336 1828 quoscumque
1359 1741 1402 1806 ad
1426 1765 1460 1807 sc

337 1854 514 1919 venientes
533 1874 593 1939 pro
613 1857 765 1938 tempore
789 1851 958 1934 concessi,
981 1851 1121 1918 alterius
1144 1853 1336 1938 subditum,
1359 1858 1459 1926 etiam

337 1973 504 2056 praetextu
540 1965 779 2030 familiaritatis
816 1965 986 2032 continuae
1025 1967 1329 2034 commensalitatis
1366 1994 1456 2054 suae,

337 2085 464 2168 absque
487 2079 541 2144 sui
564 2079 702 2164 proprii
730 2079 870 2144 Praetati
902 2102 1057 2166 expresso
1081 2103 1259 2166 consensu,
1285 2092 1345 2149 aut
1371 2085 1458 2151 litte-

338 2198 385 2262 ris
404 2194 620 2276 dimissoriis,
642 2191 686 2257 ad
704 2191 838 2280 aliquos
857 2215 970 2258 sacros
989 2201 1048 2260 aut
1067 2195 1215 2261 minores
1235 2197 1388 2282 ordines,
1405 2202 1459 2266 vel

337 2311 480 2400 primam
499 2315 674 2374 tonsuram
698 2329 897 2394 promovere
921 2330 982 2373 scu
1006 2307 1161 2375 ordinare
1185 2311 1308 2376 valeat.
1333 2313 1458 2380 Contra

335 2425 463 2490 iaciens
482 2420 525 2487 ab
549 2421 708 2486 exercitio
728 2421 974 2508 pontificalium
996 2445 1058 2509 per
1080 2445 1224 2507 annum,
1246 2425 1361 2492 taliter
1378 2451 1457 2493 vero

335 2537 482 2629 promoti
511 2535 553 2602 ab
582 2535 782 2601 executione
809 2535 967 2601 ordinum
993 2537 1041 2602 sic
1068 2544 1319 2626 susceptorum,
1349 2541 1456 2608 donec

335 2679 396 2721 suo
417 2653 561 2719 Praelato
581 2651 694 2716 visum
712 2649 829 2732 fuerit,
852 2649 927 2737 ipso
942 2649 1020 2738 jure
1042 2652 1112 2717 sint
1130 2654 1300 2741 suspensi.
1320 2683 1337 2715 »
1358 2656 1453 2722 Unde

334 2769 483 2859 episcopi
516 2766 672 2834 titulares
701 2764 839 2828 omnino
868 2765 1090 2852 prohibentur
1118 2767 1273 2833 ordinare
1301 2771 1373 2835 sine
1404 2772 1456 2836 di-

335 2885 521 2964 missoriis,·
547 2881 615 2945 imo
641 2878 743 2961 illud,
765 2878 848 2966 ipsis
874 2879 961 2945 forte
988 2903 1203 2960 concessum,
1233 2885 1455 2969 promovendi

333 3017 566 3087 quoscumque
585 2991 818 3082 privilegium,
840 2993 888 3058 sic
908 2993 1108 3082 explicatur,
1129 3001 1168 3060 ιιι
1186 2997 1358 3062 neminem
1377 3021 1455 3086 pos-

333 3111 402 3177 sint
436 3109 607 3188 ordinarc‚
643 3128 710 3171 non
746 3112 881 3171 tanturn
914 3107 988 3173 sine
1018 3109 1300 3174 commendatitiis
1328 3112 1453 3200 proprii

332 3224 497 3314 episcopi,
528 3221 589 3287 sed
617 3243 679 3286 nec
711 3219 813 3285 etiarn
841 3220 915 3286 sine
936 3223 1077 3308 proprie
1103 3223 1201 3288 dictis
1219 3225 1357 3310 proprii
1383 3227 1453 3312 epi-

331 3341 422 3426 scopi
440 3335 653 3402 dimissoriis.

376 3454 410 3518 2⁰
432 3453 541 3516 Poenae
560 3457 678 3514 contra
697 3447 959 3535 delinquentes:

375 3569 418 3633 A.
447 3565 574 3630 Contra
593 3563 815 3628 ordinantes:
837 3564 867 3626 l.
885 3560 941 3627 Sic
963 3561 1126 3629 statuitur
1145 3563 1179 3628 in
1198 3561 1293 3630 bulla
1306 3564 1453 3651 Aposto-

331 3683 400 3748 tieae
418 3680 521 3763 sedis,
543 3679 592 3743 De
614 3676 903 3763 suspensionibus,
930 3699 964 3740 n.
988 3677 1007 3743 3
1030 3697 1037 3744 :
1066 3705 1082 3738 o
1109 3676 1368 3764 Suspensionem
1387 3702 1453 3766 per

329 3817 459 3860 annum
483 3793 527 3858 ab
553 3791 713 3856 ordinum
741 3791 1034 3856 administratione
1065 3793 1135 3877 ipso
1158 3793 1244 3878 jure
1273 3792 1452 3858 incurrunt

329 3908 525 3974 ordinantes
544 3903 693 3970 alienum
716 3903 891 3969 subditum
972 3903 1100 3994 absque
1124 3903 1198 3992 ejus
1221 3905 1372 3994 episcopi
1396 3906 1452 3972 lit-

329 4023 411 4090 teris
437 4017 742 4098 dimissorialibus3
772 4044 788 4078 »
808 4017 880 4082 haec
906 4024 958 4083 est
983 4018 1154 4108 ipsissima
1180 4041 1281 4108 poena
1306 4043 1326 4084 a
1351 4041 1447 4091 conc.

328 4137 420 4204 Trid.
441 4133 511 4200 lata
530 4133 565 4198 in
585 4131 692 4197 relato
711 4153 786 4219 cap.
810 4131 1045 4198 Ordinationes
1054 4152 1070 4218 ,·
1093 4139 1147 4199 est
1167 4133 1241 4199 tatas
1260 4135 1449 4218 sententie,

329 4258 363 4317 et
381 4247 580 4336 simpliciter
600 4253 766 4310 reseruata
786 4245 828 4310 B.
849 4245 1019 4331 Pontifici,
1036 4253 1075 4312 ut
1090 4253 1223 4314 constat
1242 4245 1343 4314 titulo
1363 4270 1451 4335 prae-
