3270 5050
312 455 347 508 lb
579 459 623 508 DE
641 459 779 508 LEGIBUS
799 459 912 510 SACRAE
931 458 1169 508 OthNthONlS

313 599 554 683 sacerdotium,
583 623 656 666 esse
683 607 933 666 sacramentum
960 608 994 666 et
1019 601 1205 689 producere
1232 601 1376 688 gratiam
1403 607 1437 665 et

312 715 571 780 characterem:
603 713 694 802 quod
718 713 891 800 negabant
914 714 1015 780 multi
1039 703 1273 779 P'rotestantes
1297 713 1433 800 (supra,

311 851 346 894 n.
380 829 422 914 1,
448 831 512 914 50).
540 827 638 894 Unde
665 828 767 894 etiam
793 828 911 894 dieunt
937 849 1056 895 omnes
1080 828 1246 893 Doctores
1270 851 1338 892 nou
1362 850 1436 892 esse

311 949 428 1009 contra
446 943 565 1027 fidem,
584 942 613 1006 si
632 942 814 1031 quisdicat
833 941 1050 1007 diaconatum
1064 965 1134 1006 non
1153 964 1228 1006 csse
1247 964 1436 1007 sacramen-

312 1064 402 1138 tum;
418 1055 503 1124 -2.
521 1055 579 1121 Ad
593 1055 746 1144 regulam
757 1056 791 1122 S.
808 1057 1012 1144 Augustini,
1028 1055 1254 1144 respondetur
1271 1055 1350 1120 huic
1368 1077 1436 1120 non

312 1194 386 1236 esse
405 1171 519 1236 locum
538 1171 573 1236 in
592 1193 628 1235 rc
646 1171 824 1258 praesenti,
842 1195 920 1236 cum
938 1169 1115 1237 inferiores
1134 1169 1269 1235 ordines
1287 1193 1343 1234 nec
1364 1169 1436 1233 uni-

312 1309 405 1350 versa
422 1286 544 1350 habeat
558 1285 724 1368 Ecclesia,
742 1307 800 1350 nec
813 1308 945 1372 semper
961 1287 1139 1369 hebuerit,·
1153 1324 1197 1334 —-
1212 1285 1243 1352 3.
1262 1283 1319 1348 Ad
1333 1282 1436 1347 verba

312 1399 521 1484 Pontificalis
539 1400 684 1465 Romani
703 1399 745 1464 de
769 1399 978 1479 charactere,
1000 1399 1223 1487 respondetur
1243 1398 1314 1462 haec
1333 1396 1436 1462 verba

312 1513 457 1601 intelligi
481 1512 603 1579 debere
622 1514 722 1602 juxta
746 1491 934 1600 subjectam
958 1513 1153 1594 materiam,
1179 1519 1214 1577 et
1236 1511 1377 1600 proinde
1400 1511 1435 1574 in

310 1628 352 1692 iis
371 1651 439 1692 non
454 1628 510 1716 agi
528 1628 595 1694 nisi
610 1628 651 1694 de
666 1626 850 1716 majoribus
863 1627 1054 1710 ordinibus,
1071 1628 1130 1717 qui
1148 1626 1340 1716 producunt
1359 1625 1436 1689 cha-

310 1748 486 1808 ractercm.

355 1857 391 1920 l0
405 1855 525 1937 Quoad
534 1859 688 1942 primam
703 1865 892 1943 tonsuram,
909 1863 1044 1922 nonest
1058 1862 1309 1922 sacramentum
1325 1853 1436 1944 (quid-

310 1971 392 2058 quid
404 1972 564 2037 dixerunt
576 1971 729 2061 aliqui¹)‚
743 1979 781 2039 ut
796 1978 929 2039 constat
943 1965 967 2036 a
977 1970 1107 2036 fortiori
1121 1994 1163 2036 ex
1177 1969 1277 2035 dictis
1288 1969 1329 2034 de
1344 1967 1434 2032 ordi-

310 2083 410 2149 nibus
425 2085 630 2168 minoribus;
647 2087 716 2152 imo
731 2087 996 2152 controvertitur
1009 2092 1123 2151 utrum
1139 2085 1183 2149 sit
1195 2084 1290 2167 ordo,
1310 2101 1431 2160 necne;

310 2197 518 2285 probabilius
537 2208 590 2266 est
610 2223 684 2266 eam
699 2224 768 2266 non
783 2225 858 2267 esse
878 2183 1048 2282 ordinem,
1065 2197 1125 2264 sed
1143 2205 1278 2263 tantum
1296 2219 1434 2283 praeam-

310 2309 429 2376 bulum
449 2313 491 2378 ad
515 2312 666 2395 ordines;
689 2315 769 2403 quia
792 2337 950 2404 peream
973 2312 1068 2378 nulla
1086 2311 1258 2377 confertur
1278 2308 1433 2396 specialis

310 2431 463 2512 potestas
487 2426 686 2514 spiritualis.
714 2427 764 2494 lta
788 2429 830 2494 D.
853 2427 1000 2492 Thomas
1012 2428 1034 2507 ¹,
1057 2432 1092 2490 et
1115 2423 1173 2490 alii
1197 2423 1430 2488 communiter.

462 2651 533 2724 53.
555 2654 609 2712 De
633 2667 793 2712 numero
812 2658 849 2712 et
871 2653 1057 2710 dlvtslone
1076 2652 1277 2720 ordinum,
1439 2654 1457 2698 Ὗ

627 2749 939 2822 singulorumque
958 2748 1110 2805 muniis.

356 2918 422 2986 12.
442 2957 486 2966 —
504 2919 703 2989 Numerus
726 2919 928 2988 ordinum.
947 2958 993 2969 -
1012 2919 1062 2984 Ex
1087 2918 1202 2999 dictis,
1224 2924 1319 3006 patet
1342 2916 1432 2982 ordi-

310 3051 388 3094 nem
408 3053 482 3096 esse
500 3034 650 3118 gradum
668 3035 818 3120 aliquem
837 3035 1015 3119 potestatis
1032 3031 1237 3118 spiritualis,
1259 3055 1300 3095 ec
1318 3031 1432 3115 officio

304 3145 494 3230 peragendi
513 3147 600 3212 ritus
618 3169 745 3230 sacros,
769 3149 821 3212 vet
843 3149 877 3212 in
897 3148 965 3212 illis
985 3146 1213 3210 ministrandi.
1237 3146 1317 3210 Haec
1336 3151 1432 3231 pote-

310 3264 380 3323 stas
399 3281 419 3322 a
439 3257 575 3324 Christo
599 3260 756 3326 instituta
781 3268 834 3326 est
852 3260 965 3348 quoad
984 3259 1119 3324 ordines
1139 3259 1197 3346 qui
1221 3265 1301 3323 sunt
1320 3279 1431 3322 sacra-

309 3369 440 3454 menta;
463 3371 506 3437 ab
525 3372 677 3439 Ecclesia
692 3397 772 3440 vero
791 3397 852 3462 pro
871 3371 1047 3438 ordinibus
1059 3373 1118 3462 qui
1136 3394 1205 3437 non
1222 3379 1301 3438 sunt
1320 3393 1431 3437 sacra-

309 3492 435 3550 menta.
456 3525 501 3534 —
520 3486 652 3552 Dicitur
670 3495 783 3553 autem
803 3517 819 3550 u
842 3511 883 3553 ex
902 3489 1016 3574 officio
1035 3487 1262 3574 peragendi..'.'
1285 3514 1316 3567 n,
1338 3485 1428 3574 quia,

303 3600 403 3687 juxta
419 3597 545 3664 Christi
564 3601 831 3684 institutionem,
848 3601 951 3668 etiam
971 3624 1085 3666 merus
1103 3601 1209 3666 laicus
1223 3607 1337 3688 potest
1355 3623 1430 3688 per-

307 3736 408 3802 agere
435 3713 584 3802 aliquem
611 3716 714 3781 ritum
744 3739 893 3796 sacrum,
919 3741 954 3782 v.
983 3739 1032 3803 g.,
1060 3714 1212 3780 conferre
1242 3713 1426 3803 baptisma;

307 3828 371 3892 hoc
389 3834 504 3892 autem
522 3851 591 3893 non
614 3828 696 3894 facit
714 3853 755 3894 ex
774 3830 904 3915 officio,
926 3829 987 3894 sed
1010 3852 1052 3892 cc
1073 3829 1278 3913 necessitate,
1300 3835 1336 3894 et
1353 3828 1429 3893 ideo

307 3941 378 4005 haec
397 3947 566 4028 potestas,
592 3942 679 4007 laico
703 3951 916 4032 competens,
937 3965 1006 4008 non
1027 3942 1150 4008 dicitur
1169 3949 1317 4028 potestas
1336 3943 1429 4008 ordi-

307 4077 370 4122 ms.

338 4192 347 4225 ¹
365 4191 446 4254 Apud
460 4191 609 4252 Morinum,
629 4192 678 4242 toc.
695 4191 756 4251 cit,
772 4196 882 4244 exercit.
898 4209 942 4253 xv,
958 4209 982 4243 c.
999 4209 1035 4254 ιν,
1049 4209 1074 4242 n.
1091 4198 1186 4253 10-12,
1203 4208 1229 4256 p.
1246 4199 1300 4242 212.

338 4267 349 4302 ²
365 4268 460 4332 Suppl.
475 4273 546 4333 part.
563 4269 615 4330 lll,
631 4285 657 4333 q.
674 4287 718 4330 xa,
735 4273 786 4322 ert.
800 4279 823 4320 2.
