3300 5056
324 454 376 508 236
591 460 634 509 DE
653 459 792 510 LEGIBUS
811 457 925 509 SACRAE
943 455 1181 509 ORDINATIONIS

325 603 359 666 in
382 609 473 666 statu
492 603 628 687 pratia,
651 602 711 667 sed
734 601 916 690 requiritur
936 600 1039 666 etiam
1058 601 1207 687 probata
1231 601 1315 686 vita,
1338 601 1386 666 ita
1408 609 1448 668 ut

323 715 476 802 legitime
502 738 638 802 sperare
659 717 783 802 poerit,
811 723 946 781 auctore
971 716 1058 798 Deo,
1079 737 1113 780 se
1138 714 1308 780 continere
1330 738 1446 802 posse,

323 836 358 893 et
386 829 428 894 ab
457 853 495 894 eo
520 831 629 916 possit
658 831 828 916 eepectari
857 831 1051 916 exemplum
1081 829 1251 894 bonorum
1283 848 1449 914 operum,·

322 942 481 1031 proinde,
514 945 559 1027 si,
592 944 684 1032 quod
716 943 821 1026 absit,
856 951 977 1032 agatur
1006 944 1048 1008 de
1079 942 1203 1008 elerico
1237 943 1321 1008 vitio
1356 943 1449 1032 turpi

323 1065 476 1138 assueto,
497 1080 566 1122 non
590 1057 716 1124 suflicit
738 1065 777 1124 ut
800 1065 986 1146 praesentes
1009 1057 1131 1124 enimae
1156 1057 1228 1145 ejus
1252 1057 1448 1145 dispositio-

323 1194 384 1236 nes
406 1171 495 1237 tales
519 1173 604 1254 sint,
625 1179 664 1238 ut
689 1196 805 1261 capax.
821 1173 867 1240 sit
891 1171 1093 1262 recipiendae
1119 1170 1361 1252 absolutionis,
1387 1171 1448 1236 sed

322 1284 505 1374 requiritur
524 1287 627 1352 etiam
645 1286 724 1375 plus
746 1287 903 1352 minusve
922 1287 1064 1376 longum
1082 1285 1219 1352 virtutis
1238 1285 1447 1374 experimen-

323 1404 413 1480 tum,
430 1405 535 1487 prout,
550 1400 659 1487 magis
678 1401 834 1467 minusve
853 1401 955 1468 fuerit
972 1401 1161 1468 inveterate
1178 1421 1283 1489 prava
1303 1420 1446 1464 eonsue-

322 1513 437 1580 tudo⁴.

369 1627 402 1692 4⁰
425 1627 495 1692 Pro
518 1630 721 1716 episcopatu.
743 1668 787 1680 -
812 1632 844 1696 l.
870 1630 913 1695 D.
939 1629 1085 1712 Paulus,
1112 1629 1126 1694 l
1150 1629 1253 1710 Tim,
1279 1649 1330 1706 111,
1356 1627 1443 1708 2-7,

323 1741 371 1808 ait
400 1761 407 1808 :
437 1769 453 1804 n
483 1743 627 1831 Oportet
655 1767 735 1832 ergo
764 1745 960 1834 episcopum
989 1743 1320 1831 irreprehensibilem
1348 1765 1443 1828 esse,

325 1857 425 1922 unius
446 1859 562 1923 uxoria
581 1859 710 1944 uirum,
726 1860 898 1944 sobrium,
915 1860 1137 1946 prudentem,
1155 1866 1331 1941 ornatum,
1343 1857 1446 1942 pudi-

323 1994 419 2056 cum,
443 1972 659 2058 hospitalem,
681 1975 869 2059 doctorem,
893 1995 959 2040 non
979 1975 1204 2058 vinolentum,
1228 1995 1294 2037 non
1308 1993 1446 2058 percur-

322 2107 449 2170 sorem,
469 2087 528 2152 aed
552 2088 758 2174 modestum,
781 2112 848 2154 non
874 2089 1077 2175 litipioeum,
1100 2111 1167 2155 non
1186 2087 1365 2174 cupidum,
1386 2086 1445 2150 sed

322 2221 389 2263 suar
404 2200 521 2266 domui
535 2203 618 2268 bene
625 2205 917 2290 prepositum...,·
933 2226 999 2270 non
1020 2205 1297 2290 neophytum...,·
1312 2205 1446 2288 oportet

323 2319 437 2378 autem
456 2315 554 2382 illum
573 2325 609 2383 et
625 2319 859 2384 testimonium
878 2316 1002 2384 habere
1021 2317 1148 2382 bonum
1164 2315 1206 2382 ab
1225 2316 1267 2380 iis
1287 2314 1345 2402 qni
1364 2313 1445 2378 loris

323 2435 468 2509 sunt...;
493 2457 509 2490 »
532 2431 623 2518 quod
646 2431 716 2498 lere
739 2432 863 2521 repetit
886 2433 921 2496 in
945 2431 1046 2519 epist.
1072 2430 1116 2496 ad
1138 2429 1269 2504 Titum,
1295 2449 1323 2510 1,
1350 2425 1442 2504 6-9;

322 2579 366 2590 -
385 2541 417 2607 2.
440 2543 529 2609 Hine
553 2545 653 2612 multi
677 2568 824 2612 canones
847 2547 883 2610 in
907 2545 1065 2634 episeopo
1091 2544 1269 2632 requirunt
1297 2541 1445 2606 maximo

322 2655 431 2742 gradu
448 2658 654 2745 probitatem
678 2667 712 2726 et
735 2661 938 2747 gravitatem
963 2683 1112 2742 morum,
1133 2682 1167 2723 r.
1190 2683 1239 2746 g.,
1261 2679 1334 2744 cap.
1358 2655 1444 2720 Cum

324 2770 357 2835 in
377 2773 521 2857 cunetis,
544 2776 580 2856 7,
599 2774 650 2839 De
668 2795 841 2842 nuncnune
858 2793 866 2840 z
886 2801 903 2836 (ι
922 2773 1010 2840 Cum
1027 2773 1063 2838 in
1082 2773 1213 2839 eductis
1233 2771 1336 2836 saeris
1356 2769 1444 2834 ordi-

323 2883 423 2952 nibus
451 2895 486 2952 et
514 2888 754 2976 ecclesiasticis
784 2889 982 2956 ministeriis
1013 2889 1081 2954 sint
1109 2887 1219 2952 aetatis
1247 2884 1441 2962 maturitas,

321 3001 472 3084 pravitas
497 3023 649 3087 morum,
671 3011 706 3068 et
725 3002 915 3068 litterarum
934 3001 1076 3067 seientia
1096 2997 1313 3089 inquirenda,
1337 2996 1442 3061 mutto

321 3114 448 3197 fortius
477 3115 553 3180 baec¹
575 3117 609 3180 in
637 3117 788 3204 episcopo
816 3124 948 3204 oportet
977 3115 1122 3203 inquiri,
1152 3113 1226 3202 qui,
1258 3111 1302 3176 ad
1330 3132 1443 3176 curam

322 3225 466 3292 aliorum
484 3229 634 3317 positus,
655 3229 691 3294 in
714 3230 826 3318 seipso
850 3229 951 3296 debet
975 3228 1170 3310 ostendere,
1192 3226 1337 3316 qualiter
1360 3223 1443 3290 alios

322 3341 357 3405 in
383 3339 484 3407 domo
512 3344 574 3409 Dei
602 3352 736 3434 oportet
764 3344 978 3426 conversari;
1008 3371 1025 3406 »
1053 3366 1155 3432 quem
1188 3363 1354 3407 canonem
1385 3337 1444 3427 (ex

322 3477 416 3521 eone.
440 3455 677 3542 Lateranensi,
696 3482 752 3526 an.
776 3458 879 3549 1119)
896 3459 998 3526 tacite
1011 3458 1114 3523 relert
1133 3464 1167 3523 et
1186 3463 1328 3522 renovat
1347 3475 1440 3520 eone.

321 3569 428 3653 Trid,
450 3595 525 3661 eep.
549 3571 776 3663 Quicumque,
798 3575 836 3656 2,
858 3597 943 3640 sess.
965 3573 1078 3654 XXII,
1101 3573 1152 3638 Da
1172 3593 1265 3654 num
1282 3609 1326 3622 -
1341 3572 1372 3638 3.
1391 3567 1443 3634 ld·

321 3683 410 3751 eireo
428 3685 613 3776 Gregorius
632 3689 723 3774 XIV,
743 3695 852 3755 const.
870 3689 962 3754 Onua
978 3688 1182 3776 apostoticae,
1198 3686 1238 3753 15
1252 3685 1332 3752 maii
1344 3683 1440 3764 1591,

321 3799 400 3884 59,
425 3797 525 3888 jubet
550 3809 590 3868 ut
622 3803 668 3870 sit
695 3804 875 3892 episeopus
905 3830 921 3864 α
950 3803 1031 3889 fidei
1054 3803 1223 3889 puritate,
1257 3799 1441 3865 innocentia

352 4019 362 4053 ¹
381 4019 421 4070 Cl.
439 4021 490 4070 hac
509 4023 543 4070 de
562 4037 591 4071 re
610 4022 717 4071 doctam
736 4023 954 4073 dissertationem
975 4021 1002 4072 S.
1019 4021 1167 4085 Alphonsi,
1183 4020 1230 4084 qui
1246 4033 1299 4069 non
1314 4019 1443 4082 excipite

321 4099 485 4148 necessitate
504 4099 682 4163 experimenti
700 4100 751 4148 nisi
771 4116 849 4150 cesus
868 4101 1000 4164 quosdam
1019 4099 1247 4150 extraordinarios
1267 4101 1294 4148 et
1312 4111 1401 4156 raros,
1416 4097 1443 4145 ln

321 4177 420 4241 quibus
439 4181 543 4227 tantam
558 4177 631 4227 Deus
650 4178 773 4228 conferat
791 4181 918 4242 gratiam,
934 4182 965 4228 ut
983 4179 1103 4242 legitime
1118 4179 1246 4238 clericus,
1258 4177 1362 4240 judicio
1377 4191 1442 4225 con-

320 4255 439 4316 tessorii,
459 4271 568 4320 sperare
583 4257 670 4319 possit
685 4271 713 4305 se
728 4259 867 4308 continere
881 4272 970 4321 posse.
988 4284 1015 4294 -
1031 4257 1058 4307 S.
1074 4257 1167 4320 Alph,
1182 4257 1230 4305 lib.
1244 4254 1295 4316 Vl,
1312 4270 1337 4302 n.
1354 4259 1441 4304 63-77.
