<?xml version="1.0" encoding="UTF-8"?>
<!DOCTYPE html PUBLIC "-//W3C//DTD XHTML 1.0 Transitional//EN"
    "http://www.w3.org/TR/xhtml1/DTD/xhtml1-transitional.dtd">
<html xmlns="http://www.w3.org/1999/xhtml" xml:lang="en" lang="en">
 <head>
  <title>
</title>
<meta http-equiv="Content-Type" content="text/html;charset=utf-8" />
  <meta name='ocr-system' content='tesseract 3.04.00' />
  <meta name='ocr-capabilities' content='ocr_page ocr_carea ocr_par ocr_line ocrx_word'/>
</head>
<body>
  <div class='ocr_page' id='page_1' title='image "./praelectionesde00manygoog_0437.png"; bbox 0 0 3294 5054; ppageno 0'>
   <div class='ocr_carea' id='block_1_1' title="bbox 345 443 1201 496">
    <p class='ocr_par' dir='ltr' id='par_1_1' title="bbox 345 443 1201 496">
     <span class='ocr_line' id='line_1_1' title="bbox 345 443 1201 496; baseline -0.002 0"><span class='ocrx_word' id='word_1_1' title='bbox 345 445 395 496; x_wconf 72' lang='grc'>121</span> <span class='ocrx_word' id='word_1_2' title='bbox 614 449 655 496; x_wconf 72' lang='lat' dir='ltr'>llll</span> <span class='ocrx_word' id='word_1_3' title='bbox 677 447 811 496; x_wconf 85' lang='lat' dir='ltr'>LEGlBL&#39;S</span> <span class='ocrx_word' id='word_1_4' title='bbox 832 447 945 496; x_wconf 76' lang='lat' dir='ltr'>SACRAE</span> <span class='ocrx_word' id='word_1_5' title='bbox 965 443 1201 496; x_wconf 68' lang='lat' dir='ltr'>onntssrtonts</span> 
     </span>
    </p>
   </div>
   <div class='ocr_carea' id='block_1_2' title="bbox 344 587 1468 1130">
    <p class='ocr_par' dir='ltr' id='par_1_2' title="bbox 344 587 1468 1130">
     <span class='ocr_line' id='line_1_2' title="bbox 348 587 1468 676; baseline -0.007 -20"><span class='ocrx_word' id='word_1_6' title='bbox 348 589 455 663; x_wconf 63' lang='lat'>1671,</span> <span class='ocrx_word' id='word_1_7' title='bbox 479 589 511 652; x_wconf 90' lang='lat' dir='ltr'>id</span> <span class='ocrx_word' id='word_1_8' title='bbox 534 597 601 658; x_wconf 85' lang='lat' dir='ltr'>est.</span> <span class='ocrx_word' id='word_1_9' title='bbox 619 591 677 676; x_wconf 87' lang='lat' dir='ltr'>jus</span> <span class='ocrx_word' id='word_1_10' title='bbox 697 589 917 676; x_wconf 87' lang='lat' dir='ltr'>dispensandi</span> <span class='ocrx_word' id='word_1_11' title='bbox 941 611 1016 652; x_wconf 87' lang='lat' dir='ltr'>cum</span> <span class='ocrx_word' id='word_1_12' title='bbox 1037 587 1184 651; x_wconf 92' lang='lat' dir='ltr'>alumnis</span> <span class='ocrx_word' id='word_1_13' title='bbox 1208 594 1364 650; x_wconf 87' lang='lat' dir='ltr'>votorum</span> <span class='ocrx_word' id='word_1_14' title='bbox 1387 588 1468 649; x_wconf 89' lang='lat' dir='ltr'>sim-</span> 
     </span>
     <span class='ocr_line' id='line_1_3' title="bbox 347 699 1468 790; baseline -0.002 -24"><span class='ocrx_word' id='word_1_15' title='bbox 347 703 483 790; x_wconf 93' lang='lat' dir='ltr'>plicium</span> <span class='ocrx_word' id='word_1_16' title='bbox 515 703 547 766; x_wconf 90' lang='lat' dir='ltr'>in</span> <span class='ocrx_word' id='word_1_17' title='bbox 580 703 772 768; x_wconf 68' lang='lat' dir='ltr'>interstitiis</span> <span class='ocrx_word' id='word_1_18' title='bbox 804 702 983 789; x_wconf 91' lang='lat' dir='ltr'>competit,</span> <span class='ocrx_word' id='word_1_19' title='bbox 1021 723 1088 764; x_wconf 91' lang='lat' dir='ltr'>non</span> <span class='ocrx_word' id='word_1_20' title='bbox 1127 699 1373 787; x_wconf 78' lang='lat' dir='ltr'>superioribuS,</span> <span class='ocrx_word' id='word_1_21' title='bbox 1409 700 1468 764; x_wconf 92' lang='lat' dir='ltr'>sed</span> 
     </span>
     <span class='ocr_line' id='line_1_4' title="bbox 345 813 1468 904; baseline -0.002 -24"><span class='ocrx_word' id='word_1_22' title='bbox 345 817 519 904; x_wconf 82' lang='lat' dir='ltr'>episcopo,</span> <span class='ocrx_word' id='word_1_23' title='bbox 542 816 591 880; x_wconf 95' lang='lat' dir='ltr'>illi</span> <span class='ocrx_word' id='word_1_24' title='bbox 623 839 743 904; x_wconf 89' lang='lat' dir='ltr'>nempe</span> <span class='ocrx_word' id='word_1_25' title='bbox 772 817 947 904; x_wconf 85' lang='lat' dir='ltr'>episcope,</span> <span class='ocrx_word' id='word_1_26' title='bbox 979 816 1053 902; x_wconf 87' lang='lat' dir='ltr'>qui,</span> <span class='ocrx_word' id='word_1_27' title='bbox 1083 815 1116 878; x_wconf 82' lang='lat' dir='ltr'>vi</span> <span class='ocrx_word' id='word_1_28' title='bbox 1149 813 1274 878; x_wconf 90' lang='lat' dir='ltr'>indulti</span> <span class='ocrx_word' id='word_1_29' title='bbox 1300 815 1468 878; x_wconf 90' lang='lat' dir='ltr'>institutis</span> 
     </span>
     <span class='ocr_line' id='line_1_5' title="bbox 345 928 1468 1018; baseline -0.004 -24"><span class='ocrx_word' id='word_1_30' title='bbox 345 931 512 1010; x_wconf 81' lang='lat' dir='ltr'>concessi,</span> <span class='ocrx_word' id='word_1_31' title='bbox 531 931 607 1016; x_wconf 90' lang='lat' dir='ltr'>jure</span> <span class='ocrx_word' id='word_1_32' title='bbox 634 931 762 1018; x_wconf 90' lang='lat' dir='ltr'>potitur</span> <span class='ocrx_word' id='word_1_33' title='bbox 789 930 945 994; x_wconf 89' lang='lat' dir='ltr'>alumnos</span> <span class='ocrx_word' id='word_1_34' title='bbox 972 929 1167 1007; x_wconf 90' lang='lat' dir='ltr'>ordinandi,</span> <span class='ocrx_word' id='word_1_35' title='bbox 1191 935 1224 992; x_wconf 89' lang='lat' dir='ltr'>et</span> <span class='ocrx_word' id='word_1_36' title='bbox 1251 928 1391 1014; x_wconf 82' lang='lat' dir='ltr'>proinde</span> <span class='ocrx_word' id='word_1_37' title='bbox 1413 929 1468 991; x_wconf 78' lang='lat' dir='ltr'>rel</span> 
     </span>
     <span class='ocr_line' id='line_1_6' title="bbox 344 1041 1467 1130; baseline -0.001 -24"><span class='ocrx_word' id='word_1_38' title='bbox 344 1043 501 1130; x_wconf 88' lang='lat' dir='ltr'>episeopo</span> <span class='ocrx_word' id='word_1_39' title='bbox 530 1043 740 1116; x_wconf 77' lang='lat' dir='ltr'>monasterii,</span> <span class='ocrx_word' id='word_1_40' title='bbox 773 1045 827 1107; x_wconf 86' lang='lat' dir='ltr'>vel</span> <span class='ocrx_word' id='word_1_41' title='bbox 854 1043 933 1129; x_wconf 87' lang='lat' dir='ltr'>(hoc</span> <span class='ocrx_word' id='word_1_42' title='bbox 962 1042 1101 1107; x_wconf 89' lang='lat' dir='ltr'>absente</span> <span class='ocrx_word' id='word_1_43' title='bbox 1130 1049 1189 1106; x_wconf 87' lang='lat' dir='ltr'>aut</span> <span class='ocrx_word' id='word_1_44' title='bbox 1220 1041 1467 1106; x_wconf 77' lang='lat' dir='ltr'>ordinationem</span> 
     </span>
    </p>
   </div>
   <div class='ocr_carea' id='block_1_3' title="bbox 345 1155 1468 1246">
    <p class='ocr_par' dir='ltr' id='par_1_3' title="bbox 345 1155 1468 1246">
     <span class='ocr_line' id='line_1_7' title="bbox 345 1155 1468 1246; baseline -0.002 -25"><span class='ocrx_word' id='word_1_45' title='bbox 345 1181 411 1221; x_wconf 90' lang='lat' dir='ltr'>non</span> <span class='ocrx_word' id='word_1_46' title='bbox 438 1157 600 1231; x_wconf 68' lang='lat' dir='ltr'>habente)</span> <span class='ocrx_word' id='word_1_47' title='bbox 622 1158 779 1246; x_wconf 89' lang='lat' dir='ltr'>episcopo</span> <span class='ocrx_word' id='word_1_48' title='bbox 807 1157 934 1238; x_wconf 87' lang='lat' dir='ltr'>alienu,</span> <span class='ocrx_word' id='word_1_49' title='bbox 957 1157 999 1222; x_wconf 90' lang='lat' dir='ltr'>ad</span> <span class='ocrx_word' id='word_1_50' title='bbox 1027 1179 1128 1245; x_wconf 92' lang='lat' dir='ltr'>quem</span> <span class='ocrx_word' id='word_1_51' title='bbox 1153 1155 1305 1242; x_wconf 84' lang='lat' dir='ltr'>superior</span> <span class='ocrx_word' id='word_1_52' title='bbox 1325 1155 1468 1220; x_wconf 89' lang='lat' dir='ltr'>dimittit</span> 
     </span>
    </p>
   </div>
   <div class='ocr_carea' id='block_1_4' title="bbox 341 1269 1468 2955">
    <p class='ocr_par' dir='ltr' id='par_1_4' title="bbox 341 1269 1468 2955">
     <span class='ocr_line' id='line_1_8' title="bbox 345 1269 1468 1359; baseline -0.002 -25"><span class='ocrx_word' id='word_1_53' title='bbox 345 1271 510 1336; x_wconf 91' lang='lat' dir='ltr'>subditos.</span> <span class='ocrx_word' id='word_1_54' title='bbox 531 1311 574 1320; x_wconf 90' lang='lat'>-</span> <span class='ocrx_word' id='word_1_55' title='bbox 595 1272 695 1336; x_wconf 81' lang='lat' dir='ltr'>Ratio</span> <span class='ocrx_word' id='word_1_56' title='bbox 716 1279 767 1335; x_wconf 87' lang='lat' dir='ltr'>est</span> <span class='ocrx_word' id='word_1_57' title='bbox 787 1272 865 1359; x_wconf 90' lang='lat' dir='ltr'>quia</span> <span class='ocrx_word' id='word_1_58' title='bbox 887 1273 957 1335; x_wconf 71' lang='lat' dir='ltr'>haec</span> <span class='ocrx_word' id='word_1_59' title='bbox 979 1269 1157 1336; x_wconf 81' lang='lat' dir='ltr'>attributio</span> <span class='ocrx_word' id='word_1_60' title='bbox 1178 1270 1264 1357; x_wconf 91' lang='lat' dir='ltr'>juris</span> <span class='ocrx_word' id='word_1_61' title='bbox 1285 1270 1468 1334; x_wconf 90' lang='lat' dir='ltr'>interstitia</span> 
     </span>
     <span class='ocr_line' id='line_1_9' title="bbox 344 1384 1468 1472; baseline -0.001 -24"><span class='ocrx_word' id='word_1_62' title='bbox 344 1385 532 1467; x_wconf 82' lang='lat' dir='ltr'>relaxandi,</span> <span class='ocrx_word' id='word_1_63' title='bbox 555 1387 705 1470; x_wconf 77' lang='lat' dir='ltr'>episcopo</span> <span class='ocrx_word' id='word_1_64' title='bbox 730 1388 903 1450; x_wconf 78' lang='lat' dir='ltr'>ordinanti</span> <span class='ocrx_word' id='word_1_65' title='bbox 928 1386 1031 1456; x_wconf 83' lang='lat' dir='ltr'>lacta.</span> <span class='ocrx_word' id='word_1_66' title='bbox 1055 1393 1108 1450; x_wconf 89' lang='lat' dir='ltr'>est</span> <span class='ocrx_word' id='word_1_67' title='bbox 1131 1385 1227 1472; x_wconf 82' lang='lat' dir='ltr'>quasi</span> <span class='ocrx_word' id='word_1_68' title='bbox 1252 1384 1468 1448; x_wconf 86' lang='lat' dir='ltr'>corollarium</span> 
     </span>
     <span class='ocr_line' id='line_1_10' title="bbox 344 1499 1468 1588; baseline -0.001 -26"><span class='ocrx_word' id='word_1_69' title='bbox 344 1499 468 1564; x_wconf 80' lang='lat' dir='ltr'>decreti</span> <span class='ocrx_word' id='word_1_70' title='bbox 494 1499 716 1580; x_wconf 85' lang='lat' dir='ltr'>Clementini,</span> <span class='ocrx_word' id='word_1_71' title='bbox 743 1501 833 1588; x_wconf 92' lang='lat' dir='ltr'>quod</span> <span class='ocrx_word' id='word_1_72' title='bbox 854 1501 975 1564; x_wconf 83' lang='lat' dir='ltr'>statuit</span> <span class='ocrx_word' id='word_1_73' title='bbox 1001 1500 1042 1564; x_wconf 92' lang='lat' dir='ltr'>de</span> <span class='ocrx_word' id='word_1_74' title='bbox 1058 1499 1134 1586; x_wconf 90' lang='lat' dir='ltr'>jure</span> <span class='ocrx_word' id='word_1_75' title='bbox 1154 1499 1333 1563; x_wconf 91' lang='lat' dir='ltr'>ordinandi</span> <span class='ocrx_word' id='word_1_76' title='bbox 1353 1499 1468 1584; x_wconf 81' lang='lat' dir='ltr'>Regu-</span> 
     </span>
     <span class='ocr_line' id='line_1_11' title="bbox 345 1611 1465 1702; baseline -0.002 -26"><span class='ocrx_word' id='word_1_77' title='bbox 345 1613 448 1692; x_wconf 84' lang='lat' dir='ltr'>lares;</span> <span class='ocrx_word' id='word_1_78' title='bbox 479 1613 526 1677; x_wconf 92' lang='lat' dir='ltr'>sic</span> <span class='ocrx_word' id='word_1_79' title='bbox 556 1615 645 1677; x_wconf 91' lang='lat' dir='ltr'>enim</span> <span class='ocrx_word' id='word_1_80' title='bbox 680 1637 750 1678; x_wconf 89' lang='lat' dir='ltr'>rem</span> <span class='ocrx_word' id='word_1_81' title='bbox 782 1615 1001 1702; x_wconf 82' lang='lat' dir='ltr'>interpretata</span> <span class='ocrx_word' id='word_1_82' title='bbox 1031 1621 1083 1678; x_wconf 89' lang='lat' dir='ltr'>est</span> <span class='ocrx_word' id='word_1_83' title='bbox 1115 1611 1242 1700; x_wconf 88' lang='lat' dir='ltr'>pluries</span> <span class='ocrx_word' id='word_1_84' title='bbox 1271 1613 1306 1678; x_wconf 89' lang='lat' dir='ltr'>S.</span> <span class='ocrx_word' id='word_1_85' title='bbox 1339 1612 1465 1696; x_wconf 80' lang='lat' dir='ltr'>Congr.</span> 
     </span>
     <span class='ocr_line' id='line_1_12' title="bbox 344 1725 1466 1816; baseline -0.001 -26"><span class='ocrx_word' id='word_1_86' title='bbox 344 1725 462 1803; x_wconf 78' lang='lat' dir='ltr'>Cone,</span> <span class='ocrx_word' id='word_1_87' title='bbox 485 1737 523 1792; x_wconf 91' lang='lat' dir='ltr'>ut</span> <span class='ocrx_word' id='word_1_88' title='bbox 544 1751 645 1816; x_wconf 90' lang='lat' dir='ltr'>supra</span> <span class='ocrx_word' id='word_1_89' title='bbox 665 1729 714 1814; x_wconf 92' lang='lat' dir='ltr'>(n.</span> <span class='ocrx_word' id='word_1_90' title='bbox 740 1727 837 1814; x_wconf 82' lang='lat'>167,</span> <span class='ocrx_word' id='word_1_91' title='bbox 860 1729 905 1814; x_wconf 74' lang='lat'>3⁰)</span> <span class='ocrx_word' id='word_1_92' title='bbox 927 1728 1055 1792; x_wconf 90' lang='lat' dir='ltr'>dictum</span> <span class='ocrx_word' id='word_1_93' title='bbox 1080 1734 1148 1804; x_wconf 79' lang='lat' dir='ltr'>cst3</span> <span class='ocrx_word' id='word_1_94' title='bbox 1175 1749 1276 1814; x_wconf 93' lang='lat' dir='ltr'>porro</span> <span class='ocrx_word' id='word_1_95' title='bbox 1297 1726 1466 1790; x_wconf 92' lang='lat' dir='ltr'>indultum</span> 
     </span>
     <span class='ocr_line' id='line_1_13' title="bbox 343 1841 1467 1922; baseline 0 -20"><span class='ocrx_word' id='word_1_96' title='bbox 343 1841 551 1904; x_wconf 85' lang='lat' dir='ltr'>dimissorias</span> <span class='ocrx_word' id='word_1_97' title='bbox 572 1841 794 1922; x_wconf 89' lang='lat' dir='ltr'>concedendi,</span> <span class='ocrx_word' id='word_1_98' title='bbox 818 1841 986 1906; x_wconf 91' lang='lat' dir='ltr'>institutis</span> <span class='ocrx_word' id='word_1_99' title='bbox 1010 1841 1150 1906; x_wconf 89' lang='lat' dir='ltr'>concedi</span> <span class='ocrx_word' id='word_1_100' title='bbox 1175 1841 1329 1911; x_wconf 83' lang='lat' dir='ltr'>solitum.</span> <span class='ocrx_word' id='word_1_101' title='bbox 1356 1863 1390 1904; x_wconf 90' lang='lat' dir='ltr'>se</span> <span class='ocrx_word' id='word_1_102' title='bbox 1414 1861 1467 1902; x_wconf 90' lang='lat' dir='ltr'>re-</span> 
     </span>
     <span class='ocr_line' id='line_1_14' title="bbox 345 1953 1468 2042; baseline 0.002 -26"><span class='ocrx_word' id='word_1_103' title='bbox 345 1953 423 2026; x_wconf 79' lang='lat' dir='ltr'>fert,</span> <span class='ocrx_word' id='word_1_104' title='bbox 446 1963 483 2018; x_wconf 93' lang='lat' dir='ltr'>ut</span> <span class='ocrx_word' id='word_1_105' title='bbox 508 1955 634 2042; x_wconf 90' lang='lat' dir='ltr'>pluries</span> <span class='ocrx_word' id='word_1_106' title='bbox 666 1956 751 2033; x_wconf 84' lang='lat' dir='ltr'>dixi,</span> <span class='ocrx_word' id='word_1_107' title='bbox 779 1956 820 2020; x_wconf 93' lang='lat' dir='ltr'>ad</span> <span class='ocrx_word' id='word_1_108' title='bbox 845 1956 908 2020; x_wconf 90' lang='lat' dir='ltr'>hoc</span> <span class='ocrx_word' id='word_1_109' title='bbox 938 1955 1112 2020; x_wconf 91' lang='lat' dir='ltr'>decretum</span> <span class='ocrx_word' id='word_1_110' title='bbox 1137 1953 1402 2020; x_wconf 90' lang='lat' dir='ltr'>Clementinum.</span> <span class='ocrx_word' id='word_1_111' title='bbox 1423 1992 1468 2002; x_wconf 92' lang='lat'>-—</span> 
     </span>
     <span class='ocr_line' id='line_1_15' title="bbox 345 2067 1468 2156; baseline 0 -26"><span class='ocrx_word' id='word_1_112' title='bbox 345 2067 393 2130; x_wconf 87' lang='lat' dir='ltr'>De</span> <span class='ocrx_word' id='word_1_113' title='bbox 414 2091 480 2155; x_wconf 86' lang='lat' dir='ltr'>quo</span> <span class='ocrx_word' id='word_1_114' title='bbox 502 2069 648 2133; x_wconf 89' lang='lat' dir='ltr'>notanda</span> <span class='ocrx_word' id='word_1_115' title='bbox 668 2069 735 2134; x_wconf 94' lang='lat' dir='ltr'>duo</span> <span class='ocrx_word' id='word_1_116' title='bbox 764 2089 771 2136; x_wconf 89' lang='lat'>:</span> <span class='ocrx_word' id='word_1_117' title='bbox 799 2073 828 2135; x_wconf 89' lang='lat' dir='ltr'>l.</span> <span class='ocrx_word' id='word_1_118' title='bbox 856 2071 891 2135; x_wconf 89' lang='lat' dir='ltr'>Si</span> <span class='ocrx_word' id='word_1_119' title='bbox 912 2070 1108 2134; x_wconf 92' lang='lat' dir='ltr'>institutum</span> <span class='ocrx_word' id='word_1_120' title='bbox 1129 2070 1205 2156; x_wconf 88' lang='lat' dir='ltr'>jure</span> <span class='ocrx_word' id='word_1_121' title='bbox 1231 2092 1299 2133; x_wconf 88' lang='lat' dir='ltr'>non</span> <span class='ocrx_word' id='word_1_122' title='bbox 1318 2069 1468 2156; x_wconf 91' lang='lat' dir='ltr'>potiatur</span> 
     </span>
     <span class='ocr_line' id='line_1_16' title="bbox 343 2179 1467 2270; baseline 0.002 -28"><span class='ocrx_word' id='word_1_123' title='bbox 343 2179 550 2246; x_wconf 83' lang='lat' dir='ltr'>dimissorias</span> <span class='ocrx_word' id='word_1_124' title='bbox 571 2183 795 2261; x_wconf 89' lang='lat' dir='ltr'>concedendi,</span> <span class='ocrx_word' id='word_1_125' title='bbox 813 2183 871 2270; x_wconf 90' lang='lat' dir='ltr'>jus</span> <span class='ocrx_word' id='word_1_126' title='bbox 896 2182 1071 2248; x_wconf 83' lang='lat' dir='ltr'>relaxandi</span> <span class='ocrx_word' id='word_1_127' title='bbox 1096 2183 1295 2254; x_wconf 81' lang='lat' dir='ltr'>interstitia.</span> <span class='ocrx_word' id='word_1_128' title='bbox 1321 2183 1467 2269; x_wconf 85' lang='lat' dir='ltr'>pertinet</span> 
     </span>
     <span class='ocr_line' id='line_1_17' title="bbox 343 2294 1468 2386; baseline 0.004 -30"><span class='ocrx_word' id='word_1_129' title='bbox 343 2294 384 2358; x_wconf 87' lang='lat' dir='ltr'>ad</span> <span class='ocrx_word' id='word_1_130' title='bbox 408 2296 603 2382; x_wconf 91' lang='lat' dir='ltr'>episcopum</span> <span class='ocrx_word' id='word_1_131' title='bbox 625 2298 682 2384; x_wconf 84' lang='lat' dir='ltr'>qui</span> <span class='ocrx_word' id='word_1_132' title='bbox 707 2305 758 2362; x_wconf 90' lang='lat' dir='ltr'>est</span> <span class='ocrx_word' id='word_1_133' title='bbox 787 2297 943 2386; x_wconf 91' lang='lat' dir='ltr'>proprius</span> <span class='ocrx_word' id='word_1_134' title='bbox 968 2298 1001 2360; x_wconf 73' lang='lat' dir='ltr'>vi</span> <span class='ocrx_word' id='word_1_135' title='bbox 1026 2296 1127 2362; x_wconf 80' lang='lat' dir='ltr'>bullae</span> <span class='ocrx_word' id='word_1_136' title='bbox 1152 2297 1405 2382; x_wconf 80' lang='lat' dir='ltr'>Speculatores:</span> <span class='ocrx_word' id='word_1_137' title='bbox 1423 2334 1468 2343; x_wconf 93' lang='lat'>—</span> 
     </span>
     <span class='ocr_line' id='line_1_18' title="bbox 342 2409 1467 2498; baseline 0.001 -26"><span class='ocrx_word' id='word_1_138' title='bbox 342 2410 372 2474; x_wconf 80' lang='lat'>2.</span> <span class='ocrx_word' id='word_1_139' title='bbox 402 2409 613 2488; x_wconf 86' lang='lat' dir='ltr'>Quibusdam</span> <span class='ocrx_word' id='word_1_140' title='bbox 638 2411 804 2476; x_wconf 89' lang='lat' dir='ltr'>institutis</span> <span class='ocrx_word' id='word_1_141' title='bbox 829 2421 985 2476; x_wconf 80' lang='lat' dir='ltr'>votorum</span> <span class='ocrx_word' id='word_1_142' title='bbox 1016 2411 1222 2498; x_wconf 90' lang='lat' dir='ltr'>simplicium</span> <span class='ocrx_word' id='word_1_143' title='bbox 1250 2411 1467 2498; x_wconf 72' lang='lat' dir='ltr'>privilegium</span> 
     </span>
     <span class='ocr_line' id='line_1_19' title="bbox 342 2524 1467 2612; baseline 0.002 -26"><span class='ocrx_word' id='word_1_144' title='bbox 342 2547 401 2587; x_wconf 90' lang='lat' dir='ltr'>seu</span> <span class='ocrx_word' id='word_1_145' title='bbox 421 2524 590 2588; x_wconf 89' lang='lat' dir='ltr'>indultum</span> <span class='ocrx_word' id='word_1_146' title='bbox 612 2548 811 2589; x_wconf 88' lang='lat' dir='ltr'>concessum</span> <span class='ocrx_word' id='word_1_147' title='bbox 835 2525 915 2596; x_wconf 81' lang='lat' dir='ltr'>tuit.</span> <span class='ocrx_word' id='word_1_148' title='bbox 939 2526 971 2588; x_wconf 91' lang='lat' dir='ltr'>vi</span> <span class='ocrx_word' id='word_1_149' title='bbox 992 2525 1089 2612; x_wconf 92' lang='lat' dir='ltr'>cujus</span> <span class='ocrx_word' id='word_1_150' title='bbox 1109 2525 1266 2590; x_wconf 89' lang='lat' dir='ltr'>alumnos</span> <span class='ocrx_word' id='word_1_151' title='bbox 1290 2547 1370 2590; x_wconf 92' lang='lat' dir='ltr'>suos</span> <span class='ocrx_word' id='word_1_152' title='bbox 1390 2547 1467 2612; x_wconf 92' lang='lat' dir='ltr'>pro-</span> 
     </span>
     <span class='ocr_line' id='line_1_20' title="bbox 342 2639 1468 2726; baseline 0.002 -26"><span class='ocrx_word' id='word_1_153' title='bbox 342 2661 476 2701; x_wconf 80' lang='lat' dir='ltr'>movere</span> <span class='ocrx_word' id='word_1_154' title='bbox 504 2640 635 2726; x_wconf 85' lang='lat' dir='ltr'>possint</span> <span class='ocrx_word' id='word_1_155' title='bbox 663 2668 677 2696; x_wconf 76' lang='lat' dir='ltr'>o</span> <span class='ocrx_word' id='word_1_156' title='bbox 703 2663 769 2703; x_wconf 92' lang='lat' dir='ltr'>non</span> <span class='ocrx_word' id='word_1_157' title='bbox 791 2641 934 2704; x_wconf 79' lang='lat' dir='ltr'>serratis</span> <span class='ocrx_word' id='word_1_158' title='bbox 961 2639 1155 2704; x_wconf 89' lang='lat' dir='ltr'>interstitiis</span> <span class='ocrx_word' id='word_1_159' title='bbox 1186 2669 1218 2720; x_wconf 87' lang='lat'>»,</span> <span class='ocrx_word' id='word_1_160' title='bbox 1246 2663 1279 2704; x_wconf 82' lang='lat' dir='ltr'>v.</span> <span class='ocrx_word' id='word_1_161' title='bbox 1312 2663 1359 2726; x_wconf 87' lang='lat' dir='ltr'>g.,</span> <span class='ocrx_word' id='word_1_162' title='bbox 1387 2662 1468 2703; x_wconf 86' lang='lat' dir='ltr'>con-</span> 
     </span>
     <span class='ocr_line' id='line_1_21' title="bbox 341 2753 1468 2840; baseline 0.001 -25"><span class='ocrx_word' id='word_1_163' title='bbox 341 2753 530 2838; x_wconf 81' lang='lat' dir='ltr'>gregationi</span> <span class='ocrx_word' id='word_1_164' title='bbox 550 2754 610 2818; x_wconf 80' lang='lat' dir='ltr'>SS.</span> <span class='ocrx_word' id='word_1_165' title='bbox 635 2753 883 2840; x_wconf 87' lang='lat' dir='ltr'>lledemptoris,</span> <span class='ocrx_word' id='word_1_166' title='bbox 907 2754 940 2816; x_wconf 82' lang='lat' dir='ltr'>vi</span> <span class='ocrx_word' id='word_1_167' title='bbox 961 2755 1105 2818; x_wconf 91' lang='lat' dir='ltr'>duorum</span> <span class='ocrx_word' id='word_1_168' title='bbox 1124 2753 1278 2818; x_wconf 89' lang='lat' dir='ltr'>brevium</span> <span class='ocrx_word' id='word_1_169' title='bbox 1296 2753 1348 2818; x_wconf 91' lang='lat' dir='ltr'>Pii</span> <span class='ocrx_word' id='word_1_170' title='bbox 1369 2753 1413 2816; x_wconf 77' lang='lat' dir='ltr'>l&#39;l</span> <span class='ocrx_word' id='word_1_171' title='bbox 1434 2760 1468 2816; x_wconf 89' lang='lat' dir='ltr'>et</span> 
     </span>
     <span class='ocr_line' id='line_1_22' title="bbox 344 2867 1011 2955; baseline 0.003 -26"><span class='ocrx_word' id='word_1_172' title='bbox 344 2867 393 2929; x_wconf 88' lang='lat' dir='ltr'>Pii</span> <span class='ocrx_word' id='word_1_173' title='bbox 414 2867 475 2930; x_wconf 79' lang='lat' dir='ltr'>t’ll</span> <span class='ocrx_word' id='word_1_174' title='bbox 498 2891 597 2955; x_wconf 89' lang='lat' dir='ltr'>supra</span> <span class='ocrx_word' id='word_1_175' title='bbox 620 2887 670 2954; x_wconf 81' lang='lat' dir='ltr'>tn.</span> <span class='ocrx_word' id='word_1_176' title='bbox 696 2867 794 2949; x_wconf 67' lang='lat'>185)</span> <span class='ocrx_word' id='word_1_177' title='bbox 817 2869 1011 2932; x_wconf 88' lang='lat' dir='ltr'>relatorum.</span> 
     </span>
    </p>
   </div>
   <div class='ocr_carea' id='block_1_5' title="bbox 342 3093 1467 3295">
    <p class='ocr_par' dir='ltr' id='par_1_5' title="bbox 342 3093 1467 3295">
     <span class='ocr_line' id='line_1_23' title="bbox 389 3093 1467 3163; baseline -0.004 -2"><span class='ocrx_word' id='word_1_178' title='bbox 389 3093 483 3162; x_wconf 81' lang='lat'><strong>187.</strong></span> <span class='ocrx_word' id='word_1_179' title='bbox 510 3134 553 3143; x_wconf 97' lang='lat'><em>-</em></span> <span class='ocrx_word' id='word_1_180' title='bbox 581 3095 740 3162; x_wconf 85' lang='lat' dir='ltr'>Litterae</span> <span class='ocrx_word' id='word_1_181' title='bbox 769 3094 1069 3163; x_wconf 80' lang='lat' dir='ltr'>testimoniales.</span> <span class='ocrx_word' id='word_1_182' title='bbox 1100 3135 1144 3142; x_wconf 88' lang='lat'>-</span> <span class='ocrx_word' id='word_1_183' title='bbox 1173 3095 1243 3158; x_wconf 80' lang='lat' dir='ltr'>Lex</span> <span class='ocrx_word' id='word_1_184' title='bbox 1271 3093 1312 3158; x_wconf 82' lang='lat' dir='ltr'>de</span> <span class='ocrx_word' id='word_1_185' title='bbox 1344 3095 1467 3159; x_wconf 85' lang='lat' dir='ltr'>litteris</span> 
     </span>
     <span class='ocr_line' id='line_1_24' title="bbox 342 3207 1466 3295; baseline 0 -25"><span class='ocrx_word' id='word_1_186' title='bbox 342 3207 627 3272; x_wconf 78' lang='lat' dir='ltr'>testimonialibus</span> <span class='ocrx_word' id='word_1_187' title='bbox 663 3207 879 3281; x_wconf 59' lang='lat' dir='ltr'>exhibendis</span> <span class='ocrx_word' id='word_1_188' title='bbox 916 3208 1026 3295; x_wconf 89' lang='lat' dir='ltr'>qualis</span> <span class='ocrx_word' id='word_1_189' title='bbox 1062 3209 1189 3272; x_wconf 90' lang='lat' dir='ltr'>indicta</span> <span class='ocrx_word' id='word_1_190' title='bbox 1226 3216 1278 3273; x_wconf 87' lang='lat' dir='ltr'>est</span> <span class='ocrx_word' id='word_1_191' title='bbox 1319 3215 1390 3272; x_wconf 90' lang='lat' dir='ltr'>tum</span> <span class='ocrx_word' id='word_1_192' title='bbox 1425 3207 1466 3272; x_wconf 87' lang='lat' dir='ltr'>ab</span> 
     </span>
    </p>
   </div>
   <div class='ocr_carea' id='block_1_6' title="bbox 342 3321 1466 4070">
    <p class='ocr_par' dir='ltr' id='par_1_6' title="bbox 342 3321 1466 4070">
     <span class='ocr_line' id='line_1_25' title="bbox 344 3321 1465 3406; baseline 0 -22"><span class='ocrx_word' id='word_1_193' title='bbox 344 3321 540 3384; x_wconf 89' lang='lat' dir='ltr'>innocentio</span> <span class='ocrx_word' id='word_1_194' title='bbox 566 3321 646 3392; x_wconf 80' lang='lat' dir='ltr'>Xll.</span> <span class='ocrx_word' id='word_1_195' title='bbox 674 3323 707 3384; x_wconf 92' lang='lat' dir='ltr'>in</span> <span class='ocrx_word' id='word_1_196' title='bbox 729 3321 822 3386; x_wconf 88' lang='lat' dir='ltr'>bulla</span> <span class='ocrx_word' id='word_1_197' title='bbox 847 3323 1101 3406; x_wconf 78' lang='lat' dir='ltr'>Speculatores,</span> <span class='ocrx_word' id='word_1_198' title='bbox 1124 3330 1236 3386; x_wconf 86' lang='lat' dir='ltr'>tuma</span> <span class='ocrx_word' id='word_1_199' title='bbox 1262 3321 1323 3386; x_wconf 93' lang='lat' dir='ltr'>Pio</span> <span class='ocrx_word' id='word_1_200' title='bbox 1344 3321 1409 3393; x_wconf 82' lang='lat' dir='ltr'>lx,</span> <span class='ocrx_word' id='word_1_201' title='bbox 1431 3321 1465 3384; x_wconf 92' lang='lat' dir='ltr'>in</span> 
     </span>
     <span class='ocr_line' id='line_1_26' title="bbox 342 3434 1466 3522; baseline -0.001 -24"><span class='ocrx_word' id='word_1_202' title='bbox 342 3434 434 3498; x_wconf 87' lang='lat' dir='ltr'>bulla</span> <span class='ocrx_word' id='word_1_203' title='bbox 455 3435 656 3519; x_wconf 57' lang='lat' dir='ltr'>apostolica,</span> <span class='ocrx_word' id='word_1_204' title='bbox 676 3437 774 3518; x_wconf 76' lang='lat' dir='ltr'>seclis,</span> <span class='ocrx_word' id='word_1_205' title='bbox 798 3436 847 3500; x_wconf 81' lang='lat' dir='ltr'>Du</span> <span class='ocrx_word' id='word_1_206' title='bbox 875 3457 1152 3507; x_wconf 76' lang='lat' dir='ltr'>susesssrosrsrs.</span> <span class='ocrx_word' id='word_1_207' title='bbox 1175 3459 1209 3500; x_wconf 93' lang='lat' dir='ltr'>n.</span> <span class='ocrx_word' id='word_1_208' title='bbox 1233 3437 1269 3516; x_wconf 88' lang='lat'>3,</span> <span class='ocrx_word' id='word_1_209' title='bbox 1301 3435 1466 3522; x_wconf 86' lang='lat' dir='ltr'>respicere</span> 
     </span>
     <span class='ocr_line' id='line_1_27' title="bbox 343 3548 1464 3615; baseline -0.001 -4"><span class='ocrx_word' id='word_1_210' title='bbox 343 3571 410 3611; x_wconf 92' lang='lat' dir='ltr'>non</span> <span class='ocrx_word' id='word_1_211' title='bbox 439 3548 573 3613; x_wconf 77' lang='lat' dir='ltr'>ridetur</span> <span class='ocrx_word' id='word_1_212' title='bbox 608 3549 764 3614; x_wconf 86' lang='lat' dir='ltr'>alumnos</span> <span class='ocrx_word' id='word_1_213' title='bbox 793 3550 998 3614; x_wconf 90' lang='lat' dir='ltr'>ordinandos</span> <span class='ocrx_word' id='word_1_214' title='bbox 1033 3573 1074 3615; x_wconf 86' lang='lat' dir='ltr'>ex</span> <span class='ocrx_word' id='word_1_215' title='bbox 1104 3549 1270 3614; x_wconf 91' lang='lat' dir='ltr'>institutis</span> <span class='ocrx_word' id='word_1_216' title='bbox 1309 3557 1464 3613; x_wconf 84' lang='lat' dir='ltr'>votorum</span> 
     </span>
     <span class='ocr_line' id='line_1_28' title="bbox 342 3662 1464 3751; baseline -0.002 -25"><span class='ocrx_word' id='word_1_217' title='bbox 342 3663 563 3748; x_wconf 89' lang='lat' dir='ltr'>simplicium,</span> <span class='ocrx_word' id='word_1_218' title='bbox 586 3663 631 3726; x_wconf 84' lang='lat' dir='ltr'>ita</span> <span class='ocrx_word' id='word_1_219' title='bbox 658 3671 695 3728; x_wconf 90' lang='lat' dir='ltr'>ut</span> <span class='ocrx_word' id='word_1_220' title='bbox 716 3664 805 3728; x_wconf 86' lang='lat' dir='ltr'>idem</span> <span class='ocrx_word' id='word_1_221' title='bbox 827 3664 894 3728; x_wconf 86' lang='lat' dir='ltr'>fere</span> <span class='ocrx_word' id='word_1_222' title='bbox 915 3663 956 3728; x_wconf 90' lang='lat' dir='ltr'>de</span> <span class='ocrx_word' id='word_1_223' title='bbox 980 3664 1021 3728; x_wconf 91' lang='lat' dir='ltr'>iis</span> <span class='ocrx_word' id='word_1_224' title='bbox 1041 3663 1224 3728; x_wconf 89' lang='lat' dir='ltr'>dicendum</span> <span class='ocrx_word' id='word_1_225' title='bbox 1251 3663 1295 3728; x_wconf 90' lang='lat' dir='ltr'>sit</span> <span class='ocrx_word' id='word_1_226' title='bbox 1314 3663 1404 3751; x_wconf 92' lang='lat' dir='ltr'>quod</span> <span class='ocrx_word' id='word_1_227' title='bbox 1424 3662 1464 3725; x_wconf 78' lang='lat' dir='ltr'>cle</span> 
     </span>
     <span class='ocr_line' id='line_1_29' title="bbox 343 3774 1464 3864; baseline -0.001 -24"><span class='ocrx_word' id='word_1_228' title='bbox 343 3774 569 3860; x_wconf 82' lang='lat' dir='ltr'>Regularibus</span> <span class='ocrx_word' id='word_1_229' title='bbox 590 3775 715 3864; x_wconf 83' lang='lat' dir='ltr'>(supra,</span> <span class='ocrx_word' id='word_1_230' title='bbox 735 3801 768 3842; x_wconf 91' lang='lat' dir='ltr'>n.</span> <span class='ocrx_word' id='word_1_231' title='bbox 784 3777 890 3862; x_wconf 79' lang='lat'>171),</span> <span class='ocrx_word' id='word_1_232' title='bbox 914 3777 1014 3840; x_wconf 92' lang='lat' dir='ltr'>modo</span> <span class='ocrx_word' id='word_1_233' title='bbox 1035 3785 1149 3842; x_wconf 89' lang='lat' dir='ltr'>tamen</span> <span class='ocrx_word' id='word_1_234' title='bbox 1169 3783 1290 3862; x_wconf 85' lang='lat' dir='ltr'>agatur</span> <span class='ocrx_word' id='word_1_235' title='bbox 1310 3777 1350 3841; x_wconf 92' lang='lat' dir='ltr'>de</span> <span class='ocrx_word' id='word_1_236' title='bbox 1370 3776 1464 3840; x_wconf 86' lang='lat' dir='ltr'>insti-</span> 
     </span>
     <span class='ocr_line' id='line_1_30' title="bbox 343 3889 1465 3978; baseline 0 -25"><span class='ocrx_word' id='word_1_237' title='bbox 343 3891 424 3954; x_wconf 90' lang='lat' dir='ltr'>tutis</span> <span class='ocrx_word' id='word_1_238' title='bbox 449 3913 523 3977; x_wconf 74' lang='lat' dir='ltr'>qnae</span> <span class='ocrx_word' id='word_1_239' title='bbox 543 3890 619 3976; x_wconf 86' lang='lat' dir='ltr'>jure</span> <span class='ocrx_word' id='word_1_240' title='bbox 640 3891 785 3978; x_wconf 82' lang='lat' dir='ltr'>pollent.</span> <span class='ocrx_word' id='word_1_241' title='bbox 810 3893 844 3954; x_wconf 92' lang='lat' dir='ltr'>vi</span> <span class='ocrx_word' id='word_1_242' title='bbox 864 3891 1006 3964; x_wconf 84' lang='lat' dir='ltr'>indulti,</span> <span class='ocrx_word' id='word_1_243' title='bbox 1030 3889 1237 3955; x_wconf 89' lang='lat' dir='ltr'>concedendi</span> <span class='ocrx_word' id='word_1_244' title='bbox 1257 3890 1465 3954; x_wconf 90' lang='lat' dir='ltr'>dimissorias</span> 
     </span>
     <span class='ocr_line' id='line_1_31' title="bbox 343 4003 752 4070; baseline 0.002 -2"><span class='ocrx_word' id='word_1_245' title='bbox 343 4003 487 4070; x_wconf 88' lang='lat' dir='ltr'>subditis</span> <span class='ocrx_word' id='word_1_246' title='bbox 508 4004 577 4067; x_wconf 90' lang='lat' dir='ltr'>suis</span> <span class='ocrx_word' id='word_1_247' title='bbox 592 4008 611 4068; x_wconf 88' lang='lat'>¹.</span> <span class='ocrx_word' id='word_1_248' title='bbox 636 4005 721 4068; x_wconf 79' lang='lat' dir='ltr'>Nam</span> <span class='ocrx_word' id='word_1_249' title='bbox 746 4024 752 4069; x_wconf 89' lang='lat'>:</span> 
     </span>
    </p>
   </div>
   <div class='ocr_carea' id='block_1_7' title="bbox 342 4173 1464 4314">
    <p class='ocr_par' dir='ltr' id='par_1_7' title="bbox 342 4173 1464 4314">
     <span class='ocr_line' id='line_1_32' title="bbox 374 4173 1464 4236; baseline 0 -16"><span class='ocrx_word' id='word_1_250' title='bbox 374 4175 380 4205; x_wconf 85' lang='lat'><strong>¹</strong></span> <span class='ocrx_word' id='word_1_251' title='bbox 400 4175 428 4220; x_wconf 92' lang='lat' dir='ltr'>lo</span> <span class='ocrx_word' id='word_1_252' title='bbox 444 4175 503 4222; x_wconf 88' lang='lat' dir='ltr'>otiis</span> <span class='ocrx_word' id='word_1_253' title='bbox 518 4175 588 4221; x_wconf 89' lang='lat' dir='ltr'>enim</span> <span class='ocrx_word' id='word_1_254' title='bbox 606 4173 753 4224; x_wconf 71' lang='lat' dir='ltr'>Institutis.</span> <span class='ocrx_word' id='word_1_255' title='bbox 770 4175 872 4222; x_wconf 87' lang='lat' dir='ltr'>alumni</span> <span class='ocrx_word' id='word_1_256' title='bbox 886 4175 947 4236; x_wconf 88' lang='lat' dir='ltr'>jure</span> <span class='ocrx_word' id='word_1_257' title='bbox 967 4175 1103 4222; x_wconf 90' lang='lat' dir='ltr'>communi</span> <span class='ocrx_word' id='word_1_258' title='bbox 1119 4175 1280 4223; x_wconf 88' lang='lat' dir='ltr'>clericorum</span> <span class='ocrx_word' id='word_1_259' title='bbox 1296 4173 1464 4221; x_wconf 70' lang='lat' dir='ltr'>saecularium</span> 
     </span>
     <span class='ocr_line' id='line_1_33' title="bbox 342 4249 975 4314; baseline 0 -15"><span class='ocrx_word' id='word_1_260' title='bbox 342 4253 550 4300; x_wconf 87' lang='lat' dir='ltr'>ordinandorum</span> <span class='ocrx_word' id='word_1_261' title='bbox 567 4253 676 4299; x_wconf 73' lang='lat' dir='ltr'>erninino</span> <span class='ocrx_word' id='word_1_262' title='bbox 694 4249 828 4303; x_wconf 67' lang='lat' dir='ltr'>tenentur,</span> <span class='ocrx_word' id='word_1_263' title='bbox 847 4256 876 4300; x_wconf 92' lang='lat' dir='ltr'>ut</span> <span class='ocrx_word' id='word_1_264' title='bbox 892 4257 975 4314; x_wconf 88' lang='lat' dir='ltr'>patet.</span> 
     </span>
    </p>
   </div>
   <div class='ocr_carea' id='block_1_8' title="bbox 0 0 1652 5054">
    <p class='ocr_par' dir='ltr' id='par_1_8' title="bbox 0 0 1652 5054">
     <span class='ocr_line' id='line_1_34' title="bbox 0 0 1652 5054; baseline 0 1"><span class='ocrx_word' id='word_1_265' title='bbox 0 0 1652 5054; x_wconf 95' lang='lat' dir='ltr'> </span> 
     </span>
    </p>
   </div>
  </div>
 </body>
</html>
