3316 5052
345 446 397 496 332
612 448 656 496 DE
675 447 813 499 LEGIBUS
832 448 946 498 SACRAE
965 449 1200 500 enelanrtenls

345 608 449 646 earum
468 588 619 648 reditibus
638 590 678 648 ali
703 598 734 649 ct
754 593 920 650 sustentari
942 591 1078 672 possint,
1100 611 1263 650 numerum
1283 590 1467 649 clericorum

343 691 587 752 ordinandorum
604 714 726 774 semper
740 695 955 756 accommodat
971 694 1208 755 necessitatibus
1218 703 1249 754 et
1262 693 1405 754 censibus
1418 713 1467 752 ec·

344 796 527 856 elesiarum:
548 797 629 856 unde
650 819 738 878 acque
760 799 851 859 vitari
874 807 1004 880 possunt
1024 798 1236 872 incommoda,
1259 798 1306 858 vel
1328 797 1466 878 penuria}

289 953 293 962 .
344 901 572 975 ministrorum,
590 901 639 961 vel
657 902 867 962 multitudinis
883 903 1001 962 inutilis
1019 903 1213 964 clericerum.
1231 903 1306 971 Quae
1325 902 1466 982 prolecto

343 1005 512 1066 ostendunt
528 1007 787 1086 sapientissimam
804 1029 870 1066 esse
886 1007 1170 1068 Chalcedonensem
1185 1007 1390 1088 disciplinam.

383 1227 467 1288 134.
482 1261 522 1270 -
536 1227 707 1290 Evolutie
721 1229 816 1306 legis
830 1230 1140 1292 chalcedonensis.

388 1337 414 1387 t⁰
429 1331 556 1390 Saeculis
574 1353 618 1404 rx,
636 1354 653 1389 x
669 1339 700 1390 et
714 1353 758 1405 xi,
776 1353 847 1412 pars
866 1333 919 1392 illa
934 1332 1087 1392 benorum
1103 1331 1348 1411 uniuscujusque
1363 1331 1465 1390 eccle-

342 1435 411 1508 siae,
428 1456 498 1516 quae
511 1457 527 1494 a
539 1435 680 1516 pluribus
692 1436 756 1517 jam
769 1437 890 1496 saeculis
901 1439 1027 1518 (nempe
1042 1460 1059 1497 a
1074 1436 1190 1496 saecule
1199 1437 1310 1517 quinte
1321 1437 1468 1516 exeunte)

341 1539 439 1599 divisa
460 1561 495 1600 ac
515 1548 656 1621 separata
679 1540 782 1600 luerat
800 1562 817 1600 a
837 1543 936 1602 tribus
956 1542 1024 1602 aliis
1045 1541 1185 1622 partibus
1206 1545 1281 1621 (pre
1301 1542 1464 1620 episcope,

342 1644 455 1704 labrica
471 1645 608 1705 ecclesiae
625 1652 657 1704 et
670 1646 884 1726 pauperibus),
901 1648 1012 1706 iterum
1029 1646 1193 1705 distributa
1210 1645 1270 1705 luit
1285 1646 1316 1704 in
1334 1653 1380 1704 tet
1395 1664 1465 1724 par-

343 1757 388 1808 tes
404 1757 481 1831 quot
496 1757 584 1809 erant
599 1751 703 1810 clerici
719 1750 928 1820 sustentandi;
946 1757 1083 1810 attamen
1096 1748 1209 1808 divisio
1224 1770 1287 1809 nen
1304 1749 1362 1808 luit
1375 1747 1467 1828 plena

342 1864 372 1914 et
389 1855 526 1935 perlecta
542 1855 599 1914 nisi
618 1855 732 1915 secuto
753 1877 781 1914 xi
801 1863 949 1929 exeunte;
968 1864 1041 1914 tunc
1056 1855 1138 1913 enim
1159 1854 1288 1932 singulae
1307 1853 1466 1934 portiones

342 1959 469 2017 omnino
485 1959 524 2017 ab
539 1959 672 2018 invicem
689 1967 838 2040 separatae
855 1967 943 2030 sunt,
958 1960 1000 2018 ita
1016 1967 1066 2032 ut,
1084 1959 1235 2018 moriente
1251 1957 1379 2029 clerico,
1396 1976 1467 2036 por—

343 2063 386 2121 tio
405 2063 450 2122 illi
470 2063 625 2140 assignata
643 2083 704 2123 nen
722 2063 856 2144 amplius
871 2063 908 2123 ad
930 2083 1062 2123 massam
1078 2082 1292 2134 communem,
1309 2069 1344 2120 ut
1357 2068 1465 2130 antea,

343 2173 562 2240 reverteretur,
588 2168 642 2226 sed
667 2175 815 2228 uacaret:
841 2189 910 2249 quae
935 2169 1094 2249 portiones
1118 2167 1162 2226 sic
1185 2165 1276 2247 plene
1299 2173 1464 2246 separatae,

343 2280 461 2330 vocatae
483 2279 556 2330 sunt
577 2271 732 2362 beneficia
755 2293 808 2332 seu
829 2271 1022 2352 praebendae.
1047 2272 1125 2331 Cum
1149 2272 1243 2350 igitur
1264 2269 1382 2342 clerici,
1407 2270 1467 2328 hoc

343 2382 498 2455 tempere,
516 2375 737 2436 ordinarentur
751 2377 790 2436 ad
812 2376 939 2436 titulum
961 2398 1015 2436 seu
1035 2376 1196 2437 ecclesiam
1211 2375 1464 2444 determinatam,

342 2487 373 2538 et
387 2481 487 2560 reipsa
502 2481 561 2540 illis
577 2481 799 2559 assignaretur,
816 2481 853 2540 ad
870 2483 988 2542 victum
1007 2490 1037 2540 ct
1057 2481 1331 2552 sustentationem,
1347 2477 1467 2558 henefi-

341 2584 425 2644 cium
442 2607 494 2644 seu
510 2585 686 2666 praehenda
701 2587 864 2660 distincta,
882 2608 1014 2667 pronum
1032 2587 1089 2646 luit
1105 2595 1139 2646 ut
1155 2586 1214 2645 hec
1229 2585 1330 2665 ipsum
1348 2584 1466 2644 benefi-

341 2691 422 2749 cium
439 2711 492 2749 scu
509 2691 675 2771 praebenda
687 2702 852 2753 vocaretur
869 2691 990 2752 titulus.
1006 2691 1094 2751 llanc
1109 2690 1363 2750 assimilationem
1380 2687 1469 2748 tituli

341 2793 557 2875 etpraelrendae
569 2796 633 2876 jam
649 2797 859 2876 conspicimus
873 2799 904 2856 in
916 2817 1004 2857 conc.
1015 2797 1165 2867 Clarum,
1175 2816 1224 2854 an.
1239 2795 1325 2870 1095,
1336 2814 1403 2853 can.
1417 2796 1464 2865 12,

342 2898 393 2957 ubi
420 2899 569 2977 legimus:
594 2926 608 2955 a
634 2901 674 2960 Ut
698 2901 773 2960 nulli
797 2902 980 2961 clericerum
1009 2901 1101 2959 liceat
1123 2900 1269 2978 deinceps
1291 2898 1321 2956 in
1344 2896 1466 2956 duabus

341 3003 520 3063 civitatibus
535 3004 613 3064 duas
630 3003 821 3085 praehendas
837 3005 992 3076 obtinere,
1010 3025 1079 3064 curn
1096 3003 1175 3063 duos
1192 3001 1300 3062 titulos
1315 3021 1377 3060 nen
1395 3019 1464 3080 pos-

342 3107 381 3164 sit
397 3105 509 3167 habere
521 3107 542 3167 ¹.
564 3133 577 3165 >r
595 3109 629 3167 In
646 3130 713 3189 cap.
732 3108 921 3186 Postulasti,
938 3109 992 3182 30,
1016 3110 1062 3168 De
1075 3129 1146 3168 runa
1162 3125 1350 3166 narnennrus
1364 3103 1463 3184 (qued

341 3217 387 3268 cst
410 3212 582 3272 Innocentii
608 3213 669 3284 lll,
698 3234 747 3272 an.
781 3215 890 3292 1210),
918 3211 1006 3272 tituli
1026 3221 1177 3272 vocantur
1204 3211 1287 3270 varia
1315 3208 1463 3268 beneficia

341 3316 431 3374 unius
447 3316 649 3398 ejusdemque
665 3318 802 3378 ecclcsiae
819 3317 1014 3399 parochialis.

379 3423 411 3477 2⁰
427 3420 602 3481 Concilium
623 3423 845 3498 Lateranense,
865 3443 915 3482 an.
941 3425 1031 3495 triu,
1049 3440 1154 3480 ansani
1175 3419 1309 3500 praebuit
1325 3417 1463 3477 ulteriori

339 3525 510 3584 evolutioni
527 3525 603 3604 legis
620 3525 893 3587 Chalcedonensis
905 3527 954 3585 Sic
970 3525 1050 3585 eninr
1064 3527 1123 3584 lert
1137 3545 1205 3584 can.
1222 3525 1239 3583 5
1253 3523 1346 3603 hujus
1361 3521 1465 3581 cenci-

340 3629 372 3687 lii
391 3635 447 3705 (=
467 3651 534 3710 cap.
555 3629 748 3711 Episcopus,
770 3631 804 3702 4,
827 3631 873 3690 Da
891 3633 1093 3704 ranaannrs):
1118 3655 1132 3684 a
1155 3628 1342 3708 Episcopus,
1364 3625 1388 3683 si
1408 3624 1463 3684 ali-

340 3754 431 3814 quem
447 3735 513 3794 sine
528 3743 614 3794 certo
630 3736 738 3806 titul0,
756 3735 794 3794 de
812 3755 874 3814 que
890 3735 1061 3796 necessaria
1077 3733 1149 3792 vitae
1165 3732 1330 3812 percipiat,
1347 3729 1378 3788 in
1394 3728 1463 3788 dia-

339 3859 452 3898 conum
472 3840 520 3897 vel
543 3839 759 3920 presbyterum
780 3839 985 3910 ordinaverit,
1009 3837 1126 3898 tamdiu
1147 3838 1173 3896 ei
1197 3835 1368 3896 necessaria
1391 3833 1463 3893 sub-

339 3943 510 4016 ministret,
541 3943 641 4004 donec
665 3945 696 4002 in
721 3943 825 4025 aliqua
854 3943 983 4003 ecclesia
1012 3937 1280 4002 ei'cenvenientia
1307 3937 1462 4019 stipendia

339 4047 456 4107 militiae
479 4047 629 4108 clericalis
651 4050 802 4126 assignet3
826 4047 892 4108 nisi
910 4047 984 4108 telis
1003 4045 1184 4122 ordinatus,
1207 4043 1246 4104 de
1264 4064 1320 4103 sna
1340 4041 1389 4102 uel
1405 4063 1464 4124 pa—

371 4266 377 4298 ¹
395 4266 494 4324 Mansi,
511 4270 530 4315 t.
547 4281 592 4324 xx,
609 4267 660 4315 cel.
676 4271 730 4313 stt.
