3246 5052
266 481 310 530 DE
329 481 461 530 aluisus
480 480 735 530 ussuauatusus
755 481 1009 532 ORDleTIONUll
1030 481 1187 532 1111101ἱῦ111
1239 481 1287 532 511

210 627 247 690 Β.
269 625 444 688 Por-rectio
464 625 696 708 instrumenti,
712 647 829 709 nenape
846 625 927 688 libri
941 625 1220 710 annqetiorum,
1242 635 1291 690 cst

165 742 252 805 ritus
270 740 410 826 quidem
429 761 519 804 nunc
538 739 768 822 adhibendus,
789 739 847 802 sed
872 741 1009 803 minime
1033 741 1229 804 essentialis.
1247 779 1292 788 -

164 855 426 918 Demonstratur
442 853 563 917 iisdem
578 853 790 938 argumentis
805 852 929 941 quibus
943 877 1045 942 supra
1060 855 1111 942 (n.
1130 855 1226 940 256,
1244 853 1293 941 1⁰)

164 991 224 1056 pro
244 966 494 1055 presbyteratu.

208 1082 242 1145 2⁰
267 1081 468 1145 Vindicatur
492 1083 592 1146 tertia
619 1083 732 1166 opinio
751 1084 795 1146 ab
820 1083 972 1168 objectis.
996 1121 1039 1130 -
1058 1083 1142 1147 Tres
1161 1083 1291 1168 priores

165 1195 385 1260 difficultates
409 1219 484 1283 quac
515 1219 617 1283 supra
638 1195 691 1280 (n.
724 1195 823 1284 25¹7)
851 1196 946 1260 iactae
976 1204 1057 1260 sunt
1083 1197 1223 1262 relative
1249 1196 1292 1260 ad

166 1309 459 1398 presbyteratum,
481 1310 554 1374 fieri
580 1311 682 1374 etiam
707 1311 761 1374 hic
785 1317 930 1397 possunt
953 1311 1094 1376 relative
1119 1313 1163 1376 ad
1181 1312 1291 1376 diaco·

167 1433 310 1490 natum:
333 1447 408 1512 quae
427 1423 645 1490 difficultates
664 1423 890 1489 desumuntur
907 1444 914 1490 :
934 1425 964 1490 1.
988 1425 1039 1490 Ex
1052 1433 1221 1512 praetensa
1240 1427 1292 1490 in-

168 1539 345 1603 stitutione
370 1539 526 1623 qenerica
552 1545 687 1603 tantum
715 1539 866 1604 materia
892 1563 910 1602 a
940 1539 1093 1618 Christo;
1116 1579 1160 1588 --
1186 1541 1218 1604 2.
1242 1540 1292 1604 Ex

166 1652 302 1716 decreto
323 1652 467 1738 Eugenii
485 1653 530 1716 ad
548 1652 729 1736 Armenoc,
748 1643 839 1740 duod
858 1675 921 1740 pro
935 1653 1075 1718 materia
1094 1655 1292 1718 diaconatus

168 1767 320 1852 assignat
351 1767 434 1831 libri
467 1767 719 1850 eoanpcliorum
752 1768 946 1850 dationem,·
975 1807 1019 1816 —
1057 1769 1089 1834 3.
1131 1768 1181 1832 Ex
1214 1791 1289 1856 cap.

168 1879 363 1966 Presbyter,
387 1881 419 1960 3,
437 1881 487 1944 Du
507 1879 727 1946 Sscnauunrrs
747 1901 810 1946 non
826 1901 1003 1962 russanum,
1025 1883 1116 1970 quod
1135 1905 1231 1969 aeque
1251 1883 1293 1946 de

168 1994 319 2058 diaconis
338 2001 372 2060 et
395 1995 437 2058 de
462 1993 672 2083 presbyteris
695 1994 777 2080 agit.
804 2033 849 2044 -
872 1995 939 2060 Sed
959 1997 1197 2082 responsiones
1217 2020 1292 2084 quar

168 2107 255 2172 datae
274 2115 355 2172 suut
373 2131 435 2196 pro
453 2107 707 2196 presbyteratu,
730 2109 857 2172 eaedem
876 2109 1015 2172 omuino
1035 2117 1115 2174 sunt
1138 2133 1199 2198 pro
1219 2110 1293 2175 dia-

168 2229 303 2302 conatu,
326 2223 372 2287 ita
393 2230 431 2288 ut
450 2223 504 2287 hic
523 2222 609 2286 nihil
629 2223 776 2311 amplius
795 2223 839 2287 sit
858 2223 1064 2288 addendum.

213 2337 258 2400 N.
282 2338 321 2400 B.
343 2376 389 2385 —
412 2335 543 2402 Omitto
564 2337 758 2424 opinionem
784 2343 856 2402 tum
882 2337 1033 2402 Durandi
1058 2339 1117 2425 qui
1140 2339 1293 2426 assignat

168 2473 229 2536 pro
249 2451 388 2515 nrateria
413 2450 614 2516 diaconatus
633 2450 851 2514 traditionem
876 2450 988 2531 stolae,
1016 2457 1051 2515 et
1073 2451 1292 2516 traditionem

168 2563 246 2630 libri
270 2565 563 2650 evangeliorum¹3
587 2572 661 2629 turn
685 2564 863 2629 Michaelis
883 2563 1029 2629 Medinat
1053 2565 1112 2652 qui
1136 2565 1188 2630 bis
1211 2565 1294 2630 dua-

169 2679 232 2744 bus
251 2678 352 2743 rebus
371 2679 506 2744 tertiam
527 2677 633 2753 addit,
656 2678 873 2743 traditionem
894 2678 1084 2744 dalmaticae
1097 2682 1118 2744 ².

215 2907 310 2976 268.
336 2947 378 2958 -
402 2907 630 2983 Quaeriturt
653 2905 693 2972 1⁰
717 2905 878 2980 Quaenam
900 2907 946 2968 sit
963 2911 1078 2990 forma
1098 2907 1294 2972 diaconatus

170 3021 203 3084 in
223 3021 374 3084 Ecclesia
394 3021 511 3084 latina.

213 3136 311 3221 Hesp.
326 3157 339 3200 .·
360 3137 390 3198 1.
415 3133 507 3198 lnter
526 3134 683 3198 doctores
703 3133 823 3220 quide
843 3135 985 3198 materia
1005 3133 1205 3198 diaconatus
1228 3143 1296 3198 ter-

170 3251 252 3316 tiam
277 3249 470 3337 opinionem
492 3271 571 3312 mox
590 3248 782 3336 expositam
804 3254 940 3328 tenent,
963 3248 1229 3313 controvertitur
1252 3249 1294 3312 de

169 3369 284 3451 fornia
307 3364 408 3452 hujus
436 3363 680 3442 ordinationis,
702 3363 761 3426 alii
780 3385 902 3448 nempe
927 3361 1071 3426 formam
1095 3362 1295 3427 diaconatus

170 3481 346 3567 assignant
366 3479 437 3542 hacc
457 3475 559 3542 verba
584 3501 658 3566 qua*v
679 3477 859 3565 episcopus
883 3477 1004 3540 recitat
1024 3499 1162 3540 manum
1188 3477 1295 3564 impo-

170 3595 273 3659 sitam
295 3601 415 3658 tencns
440 3616 542 3680 super
572 3591 795 3670 ordinandos,
825 3613 946 3678 nempe
973 3590 1097 3676 Accipe
1125 3590 1294 3676 Spiritum

170 3709 334 3772 Sanctum
353 3709 398 3771 ad
413 3707 533 3789 robur,
545 3707 590 3770 ad
605 3706 828 3770 resistendum
847 3705 982 3768 diabolo
1002 3713 1033 3768 et
1054 3706 1295 3770 tentationibus

170 3825 245 3910 ejus
266 3823 300 3886 in
328 3823 460 3886 nominc
479 3821 628 3884 Domini.
652 3819 704 3883 lta
729 3819 765 3884 S.
788 3817 988 3906 Alpbonsus
1002 3819 1023 3898 ³,
1045 3841 1122 3883 cum
1141 3818 1298 3906 pluribus

171 3937 259 4002 aliis.
277 3975 320 3985 -
340 3935 412 4000 Alii
430 3935 548 3999 dicunt
566 3935 707 3998 sormam
728 3933 928 3997 diaconatus
948 3954 1022 3997 esse
1042 3931 1180 4018 longam
1201 3931 1295 3998 illam

202 4151 210 4183 ¹
229 4147 382 4205 Rationale,
400 4153 462 4204 etc,
480 4147 526 4194 lib.
545 4145 582 4204 ll,
599 4161 622 4193 c.
640 4159 677 4202 rx,
694 4160 720 4192 n.
736 4147 780 4202 19,
796 4159 823 4205 p.
838 4147 876 4190 59.

202 4229 213 4262 ²
230 4227 311 4289 Apud
327 4227 474 4277 Morinum.
491 4225 602 4274 cxcrcit.
619 4239 658 4281 ix,
675 4239 698 4272 c.
715 4238 737 4282 1,
754 4237 779 4270 n.
797 4227 823 4278 2,
841 4227 910 4283 part.
929 4221 980 4280 lll,
998 4238 1023 4284 p.
1039 4226 1091 4270 1³2.

203 4309 213 4342 ³
231 4307 289 4354 Lib.
302 4305 353 4364 Vl,
370 4321 395 4352 n.
413 4307 466 4352 tta.
