3316 5052
437 488 481 537 DE
501 483 764 545 PRAEREQUISITIS
782 483 826 532 ΑΙ)
846 481 1100 533 cabisillonum
1279 477 1332 530 299

205 631 372 696 examinis
403 637 438 696 et
467 629 738 718 designationem
767 627 1053 706 examinatorum,
1085 623 1168 687 hinc
1191 622 1330 710 plurimi
1365 681 1369 689 .

206 745 355 834 episcopi
379 744 598 824 committunt
621 743 732 808 varias
758 746 873 829 partes
897 739 1063 804 examinis
1084 737 1227 803 diversis
1253 759 1331 802 exa-

205 858 446 939 minatoribus;
474 859 522 924 sic
545 859 660 946 plures
681 856 899 921 committunt
922 851 1123 919 cancellario
1147 851 1331 940 episcopali

205 995 322 1039 curam
340 973 534 1062 requirendi
553 972 665 1037 varias
685 969 922 1038 attestationes
940 968 982 1033 de
1006 966 1194 1054 baptismo,
1214 966 1330 1030 matri-

207 1088 320 1152 monio
345 1095 544 1175 parentum,
571 1093 651 1166 etc,
678 1091 713 1150 et
737 1081 931 1172 inquirendi
960 1083 995 1147 in
1021 1081 1172 1163 natales,
1198 1079 1329 1168 baptis-

205 1223 316 1284 mum,
347 1209 382 1267 et
410 1205 547 1266 aetatem
575 1197 858 1280 ordinandorum,
886 1195 1043 1284 exemplo
1069 1195 1104 1262 S.
1134 1193 1247 1260 Caroli
1272 1194 1331 1282 qui

204 1312 293 1376 hanc
330 1311 434 1376 etiam
470 1310 681 1399 provinciam
713 1307 910 1374 demandari
942 1305 1041 1395 jubet
1073 1305 1175 1372 alicui
1207 1305 1330 1372 clerico

204 1425 468 1506 determinato¹;
495 1425 543 1490 sic
567 1446 648 1511 ergo
671 1424 798 1510 pariter
820 1421 920 1487 multi
943 1421 1093 1508 episcopi
1118 1442 1262 1486 examen
1288 1418 1331 1483 de

203 1541 341 1605 scientia
374 1539 640 1604 ordinandorum
672 1537 889 1604 committunt
922 1533 1212 1602 examinatoribus
1244 1555 1263 1598 a
1293 1555 1329 1598 se

204 1655 247 1720 ad
279 1653 315 1718 id
347 1652 538 1742 specialiter
571 1653 776 1740 designatis3
812 1652 897 1734 imo,
932 1657 1071 1738 propter
1099 1649 1148 1714 rei
1180 1648 1330 1734 gravita-

203 1775 290 1849 tem,
323 1767 394 1832 baec
425 1767 467 1832 de
493 1767 647 1832 doctrina
679 1766 945 1831 ordinandorum
978 1763 1154 1852 inquisitio
1187 1767 1329 1828 vocatur

203 1881 385 1970 aliquando
416 1904 476 1970 per
507 1881 758 1946 antonomasim
790 1901 930 1945 examen
963 1879 1256 1961 ordinandorum,·
1285 1915 1330 1924 -

203 1995 236 2062 2.
266 1995 339 2060 Hoc
365 1995 469 2082 igitur
496 2019 638 2060 examen
663 1995 737 2060 fieri
762 1988 864 2060 debet
889 2001 967 2060 ante
994 1992 1148 2081 singulos
1174 1991 1326 2070 ordines,

203 2116 238 2174 et
260 2111 382 2174 callem
405 2109 495 2175 circa
512 2110 600 2175 banc
618 2116 750 2196 partem
770 2109 920 2174 scientiae
943 2107 1116 2173 litterariae
1140 2113 1174 2172 et
1198 2104 1329 2171 theolo-
1362 2191 1365 2196 Ι

202 2224 302 2310 gicae,
331 2246 434 2312 quam
459 2224 603 2313 requirit
628 2224 810 2289 concilium
834 2223 1070 2288 Tridentinum
1095 2244 1156 2309 pro
1183 2220 1329 2308 singulis

203 2336 395 2420 ordinibus,
421 2339 523 2426 juxta
550 2362 590 2404 ea
618 2361 693 2427 quae
721 2361 823 2426 supra
853 2338 904 2425 (n.
936 2337 1009 2426 89)
1040 2336 1131 2401 dicta
1160 2341 1258 2415 sunt3
1284 2372 1329 2382 —

203 2452 235 2518 3.
262 2451 390 2516 Verum
417 2475 496 2518 cum
525 2453 560 2517 in
591 2453 709 2517 multis
737 2451 949 2540 regionibus,
980 2475 1014 2516 v.
1045 2474 1094 2538 g.,
1125 2449 1215 2538 apud
1245 2471 1324 2529 nos,

203 2566 335 2632 soleant
357 2565 564 2654 presbyteri,
595 2566 665 2632 lere
689 2567 805 2632 statim
831 2573 910 2652 post
935 2564 1183 2630 ordinationem
1212 2585 1324 2642 suam,

202 2679 357 2768 deputari
377 2681 420 2745 ad
438 2704 563 2778 munus
582 2681 832 2769 praedicationis
852 2687 886 2758 et
904 2679 948 2745 ad
966 2679 1153 2746 audiendas
1176 2677 1328 2742 fidelium

202 2793 448 2876 consessiones,
474 2795 628 2884 sequitur
651 2819 709 2861 eos
732 2795 854 2860 debere
878 2801 1128 2883 competentem
1151 2792 1329 2858 scientiam

203 2907 326 2974 habere
355 2909 427 2974 sive
460 2909 502 2974 de
535 2909 707 2996 theologia
740 2909 948 2996 dogmatica,
980 2909 1051 2974 sive
1083 2908 1125 2973 de
1157 2905 1327 2992 theologia

203 3023 337 3105 morali,
364 3023 436 3088 sive
462 3023 505 3088 de
531 3045 569 3088 ea
595 3031 691 3113 parte
714 3024 802 3112 juris
826 3024 979 3089 canonici
1003 3030 1038 3088 et
1064 3021 1227 3110 liturgiae,
1253 3042 1329 3108 quae

202 3159 260 3201 eos
284 3137 451 3225 respicere
470 3145 603 3224 potest;
624 3138 715 3204 unde
734 3137 836 3204 etiam
855 3139 954 3204 valde
975 3137 1114 3224 expedit
1136 3143 1175 3202 ut
1198 3134 1328 3222 episco-

201 3273 265 3339 pus
289 3260 384 3316 curet
407 3273 468 3316 eos
490 3252 543 3317 bis
566 3251 608 3318 de
632 3251 732 3318 rebus
752 3252 949 3318 examinari.
971 3251 1114 3330 Pariter,
1136 3273 1214 3315 cum
1237 3247 1328 3336 apud

202 3387 264 3429 nos
284 3363 482 3431 subdiaconi
501 3372 537 3431 et
555 3366 689 3432 diaconi
707 3389 776 3432 non
793 3352 854 3432 diu
872 3367 907 3432 in
927 3367 998 3432 suis
1022 3364 1198 3430 ordinibus
1217 3385 1325 3428 rema-

202 3488 322 3562 neant,
345 3479 407 3545 sed
429 3503 509 3546 mox
533 3480 711 3546 ordinandi
730 3481 854 3547 sintin
872 3481 1107 3569 presbyteros,
1134 3479 1169 3544 id
1193 3483 1260 3560 est,
1286 3477 1321 3540 in

201 3593 438 3682 predicatores
470 3601 505 3660 et
531 3594 773 3678 confessarios,
795 3595 915 3683 jubere
941 3602 1054 3684 potest
1082 3594 1262 3682 episcopus
1288 3596 1327 3655 ut

201 3705 400 3773 subdiaconi
418 3715 453 3773 et
471 3708 605 3774 diaconi
619 3710 870 3791 examinentur,
888 3732 956 3774 non
975 3715 1110 3774 tantum
1129 3708 1171 3773 de
1189 3708 1231 3772 iis
1251 3729 1327 3794 qnae

199 3821 386 3908 respiciunt
405 3823 603 3888 exercitium
628 3823 756 3888 ordinis
776 3823 844 3906 sui,
865 3831 905 3888 ut
926 3823 1003 3888 vult
1022 3845 1115 3888 conc.
1138 3822 1245 3902 Trrd,
1266 3805 1327 3885 sed

199 3933 302 3998 etiam
336 3959 438 4024 super
468 3945 565 4023 parte
596 3937 819 4002 determinata
851 3937 1030 4024 theologiae
1061 3935 1260 4023 dogmaticae
1292 3941 1326 3998 et

230 4145 240 4180 ¹
259 4145 300 4196 et.
314 4159 392 4196 conc.
408 4148 574 4210 provinciale
589 4147 792 4198 Mediolanense
804 4147 852 4208 IV,
868 4150 939 4212 part.
952 4147 992 4208 11,
1006 4149 1050 4197 til.
1061 4147 1125 4206 Quae
1134 4145 1275 4211 pertinent
1290 4145 1326 4194 ad

198 4227 401 4275 sacramentum
415 4225 540 4285 Ordinis,
555 4231 567 4286 ξ
583 4227 642 4276 Hac
658 4227 781 4276 adhibila
796 4227 914 4286 ratione,
930 4228 999 4276 Acta
1012 4226 1085 4276 Eccl.
1100 4223 1322 4282 Mediolanensi-r,

202 4303 336 4366 Lugduni,
353 4308 427 4365 roae,
443 4307 463 4354 t.
479 4321 501 4366 ι,
517 4321 544 4369 p.
558 4311 613 4355 116,
1031 4297 1033 4300 ’
