3316 5052
322 481 374 534 3¹6
589 483 632 533 DE
651 483 788 534 LEGIBUS
809 483 922 534 SACRAE
941 485 1179 537 ORDINATIONIS

322 632 458 718 quando
489 633 579 696 enim
611 632 791 718 episcopus
826 632 961 697 ordinat
995 635 1124 698 ratione
1154 635 1305 718 beneficii
1337 635 1448 724 (quod

323 747 532 810 rarissimum
563 753 616 810 est
646 747 736 833 apud
766 744 864 834 nos),
896 747 1075 834 episcopus
1107 749 1276 836 requirere
1309 755 1447 815 tenetur

322 859 453 925 litteras
479 860 729 925 testimoniales
746 867 832 924 tum
859 861 1008 948 episcopi
1035 862 1213 943 domicilii,
1242 871 1316 928 tum
1342 864 1446 928 etiam

322 976 465 1060 episcopi
492 976 671 1060 originis¹‚
700 982 733 1039 et
766 975 829 1039 hoe
858 976 930 1040 sine
959 975 1192 1056 distinetione,
1223 979 1295 1042 sive
1324 1001 1447 1066 nempe

322 1089 529 1156 ordinandus
549 1089 749 1155 remanserit
768 1089 802 1154 in
823 1091 898 1154 loco
918 1090 1059 1176 originis
1078 1098 1156 1179 post
1176 1092 1392 1178 septennium
1412 1101 1447 1158 et

321 1203 551 1289 pubertatem,
574 1205 646 1268 sive
666 1204 770 1268 etiam
790 1203 964 1290 reliquerit
986 1203 1074 1268 hunc
1095 1204 1207 1270 locum
1226 1211 1305 1270 ante
1324 1205 1447 1292 puber-

324 1325 427 1382 tatem
447 1325 506 1383 aut
530 1319 631 1384 etiam
656 1318 893 1405 septennium;
917 1325 997 1382 tunc
1020 1325 1135 1383 autem
1154 1320 1332 1406 episeopus
1352 1319 1448 1384 dabit

323 1433 556 1496 testimonium
576 1433 617 1496 de
639 1432 809 1496 natalibus
825 1439 858 1496 et
873 1439 984 1514 aetate,
1003 1439 1041 1496 ut
1055 1433 1197 1520 requirit
1213 1433 1444 1498 Innocentius.

321 1546 429 1611 -Ut
453 1547 632 1635 episcopus
655 1547 713 1610 det
737 1547 983 1611 testimoniales
1009 1547 1050 1610 de
1074 1547 1244 1612 natalibus
1268 1555 1303 1612 et
1326 1555 1444 1628 estate,

323 1659 475 1724 sullicere
495 1668 594 1748 puto,
617 1667 655 1724 ut
675 1661 825 1748 requirat
844 1683 862 1724 a
886 1660 1033 1747 parocho
1059 1662 1295 1725 attestationes
1320 1662 1361 1726 de
1385 1661 1446 1725 ba-

323 1773 447 1860 ptismo
478 1774 656 1840 ordinandi
687 1782 721 1839 et
752 1775 793 1838 de
825 1774 1041 1839 matrimonio
1073 1782 1270 1861 parentum,
1304 1781 1339 1839 et
1370 1775 1447 1839 illas

324 1888 559 1952 attestationes
582 1897 803 1975 recognoscat
827 1897 860 1954 et
887 1887 1073 1976 approbet,
1100 1889 1148 1953 sic
1172 1889 1262 1953 enim
1286 1888 1338 1951 hae
1362 1895 1447 1952 atte-

322 2001 487 2066 stationes
509 2002 700 2067 evehuntur
720 2002 762 2065 ad
781 2001 983 2088 dignitatem
1003 2009 1036 2067 et
1056 2002 1293 2067 auctoritatem
1313 2001 1447 2066 littera-

322 2138 397 2178 rum
417 2115 710 2181 testimonialium.

368 2319 462 2386 124.
492 2355 536 2368 -
562 2321 761 2396 Quaeritur
786 2339 797 2386 ε
830 2320 870 2387 3⁰
903 2319 1024 2394 Quales
1054 2320 1196 2383 debeant
1227 2341 1293 2383 esse
1326 2319 1446 2382 litterae

322 2434 571 2500 testimoniales.

366 2547 463 2632 Ilesp.
487 2569 499 2612 .·
526 2547 555 2611 l.
584 2547 871 2633 Distinguendum
898 2555 950 2612 est
975 2547 1063 2610 inter
1089 2569 1296 2633 casumque
1323 2545 1445 2611 litterar

320 2661 569 2726 testimoniales
585 2661 827 2749 praecipiuntur
846 2663 879 2725 vi
896 2661 997 2726 bullen
1014 2661 1264 2727 Innocentianae
1280 2669 1314 2726 et
1328 2684 1446 2725 casum

320 2797 387 2862 quo
406 2799 473 2841 non
492 2776 734 2876 prircipiuntur
746 2777 813 2840 nisi
825 2777 859 2839 vi
873 2775 924 2839 Pii
941 2775 986 2838 lx
1001 2773 1102 2838 bullae
1118 2775 1319 2859 Apostolicae
1334 2775 1442 2843 Sedis.

321 2890 365 2954 Ut
385 2891 476 2954 enim
496 2898 591 2977 patet
610 2913 652 2954 ex
673 2889 818 2954 lectione
842 2897 958 2954 textus
981 2889 1158 2975 utriusque
1183 2888 1358 2953 Pontificis
1379 2887 1442 2974 (cl.

319 3028 436 3092 supra,
459 3029 493 3070 n.
518 3006 617 3090 121,
638 3005 687 3085 2⁰,
710 3005 780 3092 30),
804 3003 885 3068 Pius
905 3003 951 3067 lx
971 3003 1096 3091 requiri
1112 3003 1212 3090 jubet
1231 3003 1444 3068 testimonia-

319 3107 369 3181 les
389 3120 423 3182 in
444 3142 523 3183 casu
543 3120 576 3182 in
598 3141 664 3207 quo
684 3141 753 3182 non
774 3118 991 3204 requiruntur
1014 3117 1057 3182 ab
1082 3118 1298 3197 Innocentio,
1321 3139 1443 3204 nempe

318 3233 453 3318 quando
473 3233 682 3298 ordinandus
703 3233 737 3296 in
756 3233 886 3299 dicecesi
904 3232 1013 3295 aliena
1036 3233 1128 3320 (qum
1143 3255 1211 3296 non
1228 3233 1272 3296 sit
1287 3231 1444 3296 dioec'esis

318 3347 477 3432 eripieris)
500 3355 592 3410 tento
614 3357 762 3432 tempore
783 3355 935 3410 moratus
953 3347 1013 3428 sit,
1034 3355 1070 3409 ui
1089 3347 1287 3410 canonicum
1304 3347 1443 3430 impedi-

318 3467 470 3524 mentum
490 3461 689 3524 contrahere
710 3461 758 3524 ilii
772 3462 937 3544 potuerit.
959 3459 1024 3523 Hic
1045 3459 1135 3523 enim
1154 3482 1253 3524 casus
1272 3481 1341 3523 non
1361 3483 1443 3523 con-

317 3575 444 3638 tinetur
463 3574 497 3637 in
516 3573 609 3638 bulla
627 3574 881 3658 Speculatores²
898 3573 1080 3660 (quidquid
1100 3572 1260 3637 dixerunt
1279 3573 1385 3660 aliqui
1395 3575 1439 3654 ³),

316 3711 355 3751 eo
375 3689 484 3774 magis
504 3687 595 3774 quod
615 3688 690 3752 haic
704 3688 761 3752 lex
781 3688 925 3774 poenalis
945 3695 1009 3752 est.

348 3832 355 3863 ¹
374 3832 474 3895 Supra,
491 3847 517 3880 n.
530 3833 602 3891 ¹121,
618 3839 654 3881 2⁰.

347 3909 357 3943 ²
374 3910 414 3958 lta
430 3912 510 3959 etiam
527 3911 647 3973 Riganti,
664 3911 696 3959 In
713 3925 770 3974 req.
786 3913 816 3958 it
833 3910 1024 3970 cancellariae,
1041 3917 1052 3968 g
1067 3917 1094 3968 ³,
1112 3926 1137 3958 n.
1154 3915 1196 3970 31,
1213 3925 1239 3973 p.
1254 3915 1308 3958 349.

346 3990 356 4021 ³
374 3989 407 4034 V.
423 4006 458 4050 p,
476 3989 646 4047 Honorante,
662 4004 686 4037 c.
700 4005 744 4047 xv,
760 4003 786 4036 n.
803 3995 826 4046 6,
843 4004 869 4051 p.
886 3993 1012 4046 rer-163,
1031 3989 1076 4051 qui
1093 3992 1183 4038 tamen
1199 3987 1300 4036 letetur
1314 4003 1370 4036 rem
1386 4002 1440 4034 non

315 4083 373 4116 esso
389 4068 520 4126 decisam,
537 4083 587 4115 nec
607 4081 701 4129 poenas
716 4068 830 4124 incurri,
846 4071 898 4114 etc.
916 4067 1011 4122 Quoad
1026 4067 1053 4114 S.
1070 4065 1167 4129 Congr.
1183 4065 1276 4125 Cone,
1291 4067 1442 4129 allegentur

314 4147 464 4194 decisiones
477 4161 526 4209 pro
542 4150 569 4194 et
584 4149 692 4206 contra,
709 4146 772 4193 licet
788 4145 952 4203 decisiones,
969 4159 1029 4206 quoe
1044 4146 1187 4207 requirunt
1202 4145 1398 4194 testimoniales
1413 4145 1440 4192 in

314 4239 390 4281 casu,
412 4226 466 4272 siut
485 4225 663 4286 posteriorcs3
682 4223 731 4272 has
748 4224 810 4272 vide
830 4223 901 4286 apud
917 4223 1089 4280 Honorante,
1107 4223 1156 4272 lor.
1175 4223 1231 4280 cit,
1250 4223 1291 4271 vel
1311 4224 1338 4270 in
1358 4237 1439 4271 causa

313 4303 469 4352 Ferentino.
488 4307 514 4352 lt
527 4304 587 4364 julii
603 4306 677 4360 i89-t,
693 4303 761 4350 Aeta
775 4302 801 4350 S.
813 4302 904 4359 Sedis,
920 4305 940 4350 t.
955 4317 1039 4355 xxxin,
1056 4318 1082 4364 p.
1101 4307 1220 4350 res-162.
