3300 5056
326 456 380 510 220
594 459 638 508 DE
657 458 795 511 LEGIBUS
814 459 928 510 SACRAE
947 457 1183 510 onnlutrlonls

327 601 424 669 miles
442 602 624 691 aliquando
643 609 804 668 tenentur
818 604 861 669 ad
876 601 1024 684 heroica,
1042 602 1089 668 ita
1108 625 1128 667 a
1148 601 1278 668 fortiori
1297 601 1451 666 christia-

327 739 407 799 nus,
429 741 490 806 pro
510 716 620 782 salute
640 717 758 806 patriae
778 717 986 806 spiritualis,
1008 716 1116 782 teneri
1133 723 1247 805 potest
1270 715 1313 781 ad
1336 715 1452 780 consi-

327 831 372 896 lia
391 837 426 898 et
443 831 643 920 perfectiora
662 832 841 897 servande.
865 832 915 896 De
935 855 1002 920 quo
1021 853 1123 896 nemo
1141 829 1296 896 dubitare
1315 836 1447 918 potest3

327 945 416 1011 unde
437 945 592 1010 doctores
611 946 836 1012 communiter
859 946 1002 1012 laudant
1021 968 1187 1011 canonem
1210 945 1308 1010 illum
1332 943 1451 1009 atrica-

327 1082 425 1138 num,
449 1060 508 1148 qui
527 1059 576 1126 sic
595 1059 699 1125 habet
715 1080 724 1127 ε
743 1088 758 1121 «
782 1059 867 1126 Item
888 1059 1033 1149 placuit,
1055 1067 1094 1125 ut
1113 1059 1317 1148 quicumque
1336 1057 1451 1124 cleriei

326 1173 382 1239 vel
401 1173 550 1256 diaconi,
569 1197 635 1260 pro
656 1175 907 1240 necessitatibus
926 1175 1159 1258 ecclesiarum,
1186 1196 1253 1238 non
1278 1171 1452 1260 obtempe-

327 1287 477 1353 raverint
496 1289 665 1378 episcopis
680 1289 762 1372 suis,
780 1287 975 1355 volentibus
990 1312 1048 1354 eos
1063 1289 1106 1354 ad
1124 1288 1289 1354 honorem
1308 1285 1450 1374 amplio-

325 1424 397 1466 rem
426 1402 461 1466 in
489 1403 632 1469 eeclesia
662 1425 723 1468 sua
752 1425 968 1491 promovere,
1001 1427 1063 1468 neo
1091 1403 1161 1468 illic
1192 1402 1385 1467 ministrent
1414 1401 1450 1466 in

326 1514 434 1602 gradu
452 1539 530 1599 suo,
552 1516 642 1583 unde
660 1515 816 1583 recedere
836 1518 1050 1584 noluerunt¹.
1073 1545 1088 1579 a
1109 1517 1202 1582 Tunc
1222 1539 1302 1603 ergo
1321 1515 1450 1604 episco-

325 1653 390 1717 pus
413 1637 527 1720 potest
555 1631 737 1720 praecipere
761 1632 816 1698 vel
841 1633 963 1698 clerico
987 1631 1139 1698 inferiori
1162 1639 1200 1697 ut
1223 1629 1384 1698 ascendat
1404 1627 1450 1711 ad

326 1745 514 1833 superiora,
543 1747 599 1811 vel
627 1747 730 1812 etiam
760 1747 871 1836 (quod
901 1753 1017 1813 tamen
1048 1746 1116 1812 fere
1143 1745 1334 1811 inauditum
1359 1747 1446 1826 est),

326 1859 412 1924 laico
438 1866 477 1924 ut
502 1860 712 1948 ingrediatur
738 1869 866 1928 statum
893 1861 1101 1943 clericalem,
1128 1859 1245 1942 modo,
1275 1866 1315 1924 ut
1337 1864 1446 1946 patet,

326 1973 395 2038 sint
418 1973 531 2038 idonei
550 1981 584 2041 et
605 1975 769 2041 divinitus
787 1975 920 2058 vocati;
941 1975 1039 2063 cujus
1063 1983 1179 2041 tamen
1203 1973 1326 2039 divinae
1350 1995 1449 2038 voca·

326 2087 428 2152 tionis
458 2111 527 2153 non
560 2089 635 2154 leve
666 2089 831 2179 praeberet
863 2097 1103 2178 argumentum
1135 2095 1344 2178 praeceptum
1376 2087 1448 2174 epi-

285 2291 289 2298 *
325 2201 429 2288 scopi.

369 2337 396 2380 c.
419 2316 630 2404 Praeceptum
652 2319 854 2404 superiorte,
880 2341 1002 2408 nempe
1027 2317 1176 2406 episcopi
1200 2340 1260 2407 pro
1285 2315 1447 2381 dioecesa-

326 2428 379 2494 nis
399 2431 633 2515 secularibus,
651 2433 783 2522 praelati
798 2433 964 2520 regularis
977 2455 1039 2522 pro
1054 2431 1285 2521 regularibuS,
1303 2429 1447 2496 Romani

327 2543 503 2610 pontilicis
535 2569 596 2635 pro
629 2547 822 2613 omuibus¹.
853 2547 980 2614 Verum
1013 2547 1047 2611 hi
1081 2546 1287 2635 superiores,
1326 2546 1446 2610 saltem

325 2660 490 2748 episcopi,
519 2661 576 2725 vix
602 2668 748 2748 possunt
770 2661 951 2751 praecipere
984 2661 1049 2726 nisi
1078 2663 1112 2726 in
1138 2683 1216 2726 casu
1247 2659 1447 2724 necessitatis

324 2775 578 2856 ecclesiarum³3
598 2775 688 2842 unde
708 2776 762 2840 hic
782 2799 899 2858 essue,
917 2774 979 2842 sub
999 2775 1062 2840 hoo
1082 2781 1255 2862 respectu,
1272 2773 1341 2838 fere
1361 2773 1446 2838 rein·

324 2888 406 2954 cidit
425 2890 459 2953 in
479 2889 699 2979 superiorem.

368 3003 402 3066 d.
432 3002 578 3089 Sipnum
604 3005 918 3070 extraordinarium
943 3003 1062 3068 divinae
1089 3002 1294 3086 voluntatie,·
1325 3001 1354 3066 si
1383 3023 1444 3088 ego

324 3114 497 3203 impellam
517 3125 551 3181 te
571 3142 647 3184 cum
668 3119 855 3184 vehementi
874 3127 906 3182 et
924 3139 1070 3203 prorsus
1095 3115 1230 3182 insolita
1255 3116 1445 3180 hortatione

323 3229 367 3294 ad
381 3231 647 3318 aggrediendum
659 3233 722 3298 hoc
736 3233 792 3298 vel
808 3231 894 3297 illud
908 3255 1009 3321 opus,
1028 3255 1070 3296 ex
1085 3254 1160 3296 mea
1174 3229 1297 3318 agendi
1315 3229 1444 3296 ratione

324 3345 507 3412 concludes
526 3347 582 3410 vel
601 3348 718 3412 adesse
733 3369 848 3412 veram
864 3347 1103 3412 necessitatem
1121 3353 1160 3412 ut
1179 3353 1218 3415 tu
1238 3344 1342 3410 facias
1361 3341 1445 3408 illud

322 3481 424 3546 opus,
446 3460 501 3524 vel
520 3460 696 3526 imminere
717 3461 779 3526 tibi
798 3461 1002 3549 periculum,
1025 3461 1141 3526 sinon
1161 3459 1282 3540 sacias3
1310 3465 1344 3524 et
1367 3457 1444 3522 inde

322 3571 458 3658 putabis
482 3581 515 3639 te
539 3575 583 3639 ad
607 3574 670 3639 hoc
694 3598 780 3663 opus
803 3573 994 3640 faciendum
1019 3573 1220 3661 obligatum.
1248 3571 1390 3654 Pariter,
1415 3570 1444 3635 si

324 3685 433 3768 Deus,
459 3687 494 3752 in
517 3687 671 3753 vocando
696 3689 810 3777 aliquo
836 3688 880 3754 ad
905 3696 1033 3754 statum
1057 3675 1264 3770 clericalem,
1291 3684 1443 3752 sacerdo·

353 3889 361 3922 ¹
379 3889 444 3940 Can.
455 3890 523 3939 Item
531 3890 646 3954 placuit,
663 3897 701 3950 31,
718 3889 808 3940 (lodex
823 3905 958 3940 canonum
970 3889 1098 3940 Ecclesia
1113 3889 1244 3952 africaaoe
1259 3889 1300 3952 (=
1311 3903 1370 3938 cen.
1382 3887 1442 3936 Pta-

321 3967 385 4026 cuit,
397 3973 421 4028 t,
431 3969 495 4018 dist.
508 3969 647 4034 LXXIV)·,
661 3970 757 4027 Bruns,
770 3969 900 4028 Concilio,
912 3973 932 4018 t.
942 3987 958 4030 1,
970 3985 997 4034 p.
1009 3975 1063 4019 165.
1074 3997 1104 4008 -
1115 3967 1155 4018 Cf.
1164 3969 1246 4019 etiem
1257 3967 1358 4017 Bened.
1369 3964 1440 4024 XIV,

322 4045 360 4094 De
373 4046 486 4110 synodo,
502 4047 550 4096 lib.
567 4047 626 4106 Xll,
642 4063 665 4095 c.
682 4063 718 4108 iv,
734 4063 760 4096 n.
777 4053 804 4108 7;
820 4077 848 4084 -
862 4049 972 4108 Hallier,
989 4051 1058 4112 part.
1073 4047 1098 4108 I,
1114 4049 1180 4097 sect.
1198 4063 1224 4108 a,
1240 4062 1263 4096 c.
1280 4049 1439 4105 ι,ιι.19-20,

320 4124 363 4172 ed.
378 4125 482 4188 Migne,
498 4127 550 4174 col.
564 4129 685 4176 lar-aas.

351 4203 418 4253 ²Cl.
434 4205 468 4254 D.
485 4205 630 4264 Thomem,
647 4204 685 4252 11·
703 4203 758 4265 112,
776 4221 802 4270 q.
819 4222 932 4267 ccxxxv,
947 4209 998 4256 nrt.
1014 4211 1037 4254 2.

352 4281 418 4332 ³Cl.
436 4283 545 4343 Hellier,
563 4283 612 4332 too.
628 4283 684 4344 cit,
699 4299 725 4332 n.
742 4290 784 4343 20,
801 4286 853 4334 col.
869 4288 922 4333 lat.
