3248 5052
525 1073 887 1140 DOCUMENTUM
917 1073 953 1140 II

244 1289 434 1352 Constitutio
449 1291 615 1353 Benedicti
629 1292 676 1353 XI
683 1291 709 1352 V
721 1291 760 1354 de
775 1291 974 1354 ordinatione
989 1291 1200 1375 Reqularium
1211 1293 1233 1353 ¹.

365 1671 552 1732 Benedictus
566 1673 731 1754 episcopus
745 1693 853 1733 servus
866 1693 1028 1732 servorum
1044 1673 1113 1733 Dei.

480 1770 528 1829 Ad
545 1777 729 1850 perpetuam
746 1770 789 1829 rei
805 1769 995 1829 memoriam.

217 1964 363 2045 Impositi·
374 1964 486 2038 Nobis,
504 1963 577 2024 licet
591 1963 840 2038 immerentibus,
857 1963 1021 2045 apostolici
1042 1963 1205 2024 ministerii
1224 1963 1303 2024 ratio

176 2061 331 2141 postulat,
352 2067 387 2120 ut
410 2060 449 2120 ad
471 2059 623 2120 tuendum
645 2060 862 2120 ecclesiasticae
884 2059 1057 2141 disciplinae
1079 2061 1218 2140 vigorem
1241 2081 1303 2121 uon

176 2156 270 2216 modo
286 2177 383 2217 novas
403 2156 560 2216 interdum
575 2155 658 2236 leges
677 2156 807 2236 provide
828 2155 1070 2231 constituamus,
1086 2177 1195 2216 verum
1211 2157 1303 2217 etiam

177 2261 298 2313 veteres
313 2274 330 2312 a
346 2253 627 2333 praedecessoribus
647 2253 769 2312 Nostris
789 2253 945 2334 sapienter
965 2259 1112 2327 statutas,
1131 2255 1156 2312 si
1176 2253 1303 2334 quidem

177 2348 335 2410 fallacium
355 2349 511 2409 rationum
528 2349 673 2429 pracsidio
688 2349 802 2408 debitis
818 2349 1003 2416 fraudentur
1017 2349 1196 2424 effectibus,
1214 2350 1304 2410 novis

176 2453 208 2505 et
222 2444 454 2505 inviolabilibus
469 2445 683 2506 sanctionibus
698 2445 965 2518 communiamus;
987 2447 1012 2505 si
1030 2467 1105 2506 vero
1121 2467 1227 2506 earum
1242 2445 1303 2507 cla-

175 2541 250 2601 ritas
266 2543 368 2622 pravis
388 2549 420 2601 et
435 2541 582 2620 captiosis
601 2541 912 2622 interpretationibus
932 2542 1051 2602 involvi
1071 2549 1103 2602 ct
1122 2543 1302 2603 obumbrari

175 2638 386 2718 dignoscatur,
400 2638 524 2698 easdem
537 2638 710 2718 perspicuis
723 2638 901 2718 apertisque
914 2638 1176 2700 declarationibus
1189 2641 1220 2698 in
1231 2661 1304 2721 pro-

175 2735 241 2815 pria
256 2733 326 2795 luce
341 2735 543 2794 collocemus.

214 2831 295 2891 Sane
319 2852 389 2911 quae
414 2831 489 2890 olim
515 2831 553 2890 de
580 2830 830 2891 ordinationibus
858 2831 1062 2910 Regularium
1089 2833 1302 2892 controversia

175 2927 285 3006 viguit,
299 2947 338 2986 an
353 2927 470 2986 scilicet
484 2925 654 3006 Regulares
664 2948 681 2987 a
693 2946 892 3008 quocumque
906 2927 1061 2987 catholico
1073 2928 1210 2988 antistite
1221 2928 1301 2987 indi·

174 3023 286 3082 stincte
302 3023 438 3083 ordinari
454 3030 597 3103 possent,
614 3045 654 3083 an
669 3043 743 3082 vero
759 3023 790 3082 id
806 3024 887 3104 juris
906 3023 1061 3104 privative
1076 3023 1248 3104 pertineret
1262 3024 1299 3084 ad

173 3119 354 3200 episcopum
377 3119 459 3178 illius
481 3119 624 3178 dioecesis
648 3120 729 3179 intra
751 3141 844 3200 quam
869 3120 926 3180 sita
951 3126 998 3180 est
1021 3119 1166 3199 religiosa
1189 3121 1301 3180 domus

173 3235 266 3296 quam
295 3215 459 3294 Regularis
485 3215 524 3274 ad
551 3216 676 3276 ordines
702 3216 937 3295 promovendus
963 3215 1135 3290 inhabitat,
1161 3215 1301 3296 providis

172 3331 373 3370 romanorum
398 3311 581 3391 pontificum
604 3312 869 3392 praedecessorum
894 3312 1082 3372 Nostrorum
1104 3313 1301 3372 constitutio-

174 3406 265 3466 nibus
284 3415 314 3467 et
329 3406 591 3467 declarationibus
608 3407 795 3488 jamdudum
816 3407 936 3468 sublata
957 3409 1027 3468 fuit.
1046 3407 1082 3467 ln
1097 3430 1158 3489 qua
1173 3407 1300 3488 quidem

172 3505 400 3576 controversia,
423 3504 559 3584 episcopi
581 3503 723 3563 locorum
744 3503 898 3564 Ordinarii
914 3505 985 3585 jura
1006 3525 1060 3564 sua
1080 3503 1247 3565 fundantes
1268 3507 1300 3565 in

172 3600 368 3680 generalibus
383 3621 537 3659 canonum
554 3601 679 3659 statutis
694 3607 725 3659 et
740 3601 771 3658 in
788 3601 861 3680 ipsis
877 3602 1109 3682 exemptionum
1129 3601 1300 3682 privilegiis

172 3717 241 3776 quae
266 3695 475 3775 Regularibus
500 3695 619 3755 indulta
643 3703 732 3770 sunt,
757 3696 883 3756 aiebant
906 3695 1045 3778 ipsorum
1070 3697 1298 3772 ordinationes,

173 3799 282 3873 utpote
296 3792 479 3855 dioecesanis
499 3792 651 3873 episcopis
671 3813 816 3873 expresse
835 3801 1025 3866 reservatas,
1042 3815 1143 3875 neque
1159 3802 1299 3874 spectare

172 3909 262 3968 posse
275 3889 313 3948 ad
328 3889 510 3948 Ordinarios
524 3909 630 3948 eorum
645 3889 775 3966 originis
788 3910 881 3969 quam
894 3889 1065 3968 Regulares
1079 3911 1096 3950 a
1109 3912 1141 3950 se
1153 3890 1300 3951 abdicant

172 3983 246 4043 dum
260 3985 375 4045 sarculo
389 3985 531 4044 nuntium
548 3985 723 4056 remittunt,
739 4005 840 4066 neque
853 4005 947 4065 porro
961 3986 999 4046 ad
1013 3986 1194 4048 Ordinarios
1207 3987 1300 4046 bene-

173 4080 244 4152 ficii,
257 4082 404 4161 quoniam
415 4082 473 4160 ipsi
485 4081 523 4141 ad
537 4081 661 4140 titulum
676 4080 817 4140 beneficii
831 4102 893 4141 non
907 4088 1142 4164 promoventur,
1156 4083 1300 4164 proinde·

206 4257 212 4290 ²
232 4257 303 4308 Butl.
321 4259 467 4317 Benedict,
483 4263 502 4308 t.
520 4275 550 4316 rr,
567 4275 592 4308 n.
609 4265 653 4316 27;
668 4259 710 4308 cd.
724 4259 907 4320 Mechlinien,
926 4261 978 4310 vol.
995 4277 1031 4322 iv,
1047 4277 1073 4326 p.
1090 4267 1143 4312 3¹16.
