3246 5052
280 507 323 556 DE
343 505 473 555 RlTlBL'S
494 505 747 554 ESSENTlALlBUS
766 503 1021 553 ORDlNATlONUltl
1042 505 1200 555 llllthllt'll
1253 503 1301 554 541

177 652 249 716 lum
269 651 408 736 gignere
429 654 541 736 potest
561 647 778 734 discrimen),
801 646 861 710 sed
880 655 917 710 ut
937 646 1132 712 obviaretur
1154 649 1307 735 Presby-

179 766 328 846 terianis,
352 763 410 851 qui
428 763 463 826 in
484 761 628 826 ordinali
651 760 829 847 anglicano
857 760 1115 842 fundamentum
1143 763 1212 826 suis
1237 765 1309 850 opi-

178 877 339 944 nionibus
374 876 610 965 quaerebant¹;
644 875 696 939 his
730 876 822 939 enim
855 874 968 939 verbis
1007 875 1148 956 additis,
1189 885 1306 942 contra

178 991 456 1081 presbyterianos
471 998 647 1055 ostensum
668 990 773 1054 estin
795 989 982 1054 hierarchia
1002 989 1199 1076 anglicana,
1224 1014 1307 1079 qua-

178 1107 246 1172 lem
267 1106 401 1170 ordinat
420 1113 454 1169 et
477 1104 654 1169 constituit
674 1104 766 1190 regia
789 1109 957 1190 potestas,
982 1103 1101 1168 adesse
1121 1104 1306 1169 discrimen

179 1221 268 1285 inter
286 1219 483 1308 episcopum
503 1226 537 1283 et
555 1217 792 1306 presbyterum
811 1237 818 1282 τ
845 1217 936 1304 quod
955 1218 1096 1305 proinde
1124 1219 1306 1283 discrimen

180 1357 248 1398 non
268 1339 320 1398 est
335 1331 401 1396 nisi
421 1333 650 1397 extrinsecum
670 1339 705 1396 et
720 1331 963 1395 caeremoniale.

224 1447 334 1526 Unde,
357 1469 434 1511 cum
451 1446 611 1510 (lrdinale
631 1445 883 1510 Eduardianum
900 1446 1047 1532 recipere
1063 1445 1185 1510 debeat
1205 1446 1309 1510 inter-

180 1561 405 1650 pretationem
419 1567 494 1624 tum
505 1584 547 1624 ex
561 1581 621 1624 suo
639 1561 746 1647 ipsius
761 1567 935 1640 contextu,
951 1567 1025 1624 ‘tum
1037 1583 1080 1623 ex
1092 1567 1163 1624 tota
1177 1559 1306 1647 reliqua

181 1675 338 1762 liturgia,
361 1675 458 1761 cujus
478 1681 644 1760 estpars,
672 1682 745 1738 tum
770 1697 812 1738 ex
832 1673 899 1738 ritu
923 1695 1027 1738 coeme
1048 1673 1242 1752 dominica,
1266 1672 1309 1737 ad

181 1813 282 1878 quem
309 1787 552 1876 perficiendum
577 1787 744 1874 praecipue
771 1787 919 1852 ministri
938 1787 1149 1866 ordinantur,
1172 1795 1246 1851 tum
1266 1812 1307 1852 ex

182 1903 333 1968 articulis
362 1902 538 1988 religionis
564 1925 624 1966 seu
650 1901 862 1966 confessione
891 1902 969 1965 fidei
1000 1902 1200 1987 anglicanae,
1232 1926 1307 1990 quae

183 2026 254 2082 tota
279 2017 343 2082 fuit
372 2017 458 2081 ratio
488 2024 522 2080 et
551 2039 669 2080 norma
698 2017 853 2080 mutandi
886 2016 1079 2103 pontificale
1113 2040 1307 2104 novumque

183 2131 319 2196 creandi
340 2131 501 2194 Ordinale
521 2129 616 2218 (cum
636 2130 726 2193 inter
747 2131 852 2214 lcgyem
873 2131 1031 2193 credendi
1050 2139 1084 2194 et
1100 2131 1207 2214 leycm
1227 2153 1308 2216 sup-

179 2245 332 2332 plicandi
352 2245 543 2308 necessaria
559 2245 604 2308 sit
624 2243 873 2332 conformitas),
897 2267 990 2324 cum,
1014 2244 1169 2332 inquam,
1194 2267 1235 2308 ex
1257 2245 1309 2308 his

184 2357 342 2424 omuibus
368 2358 529 2422 Ordinato
551 2358 698 2444 recipere
723 2357 845 2422 debeat
870 2358 1200 2445 interpretationem,
1230 2382 1310 2422 con-

184 2472 390 2537 cludendum
410 2479 463 2536 est
482 2471 676 2536 ministrum
696 2471 924 2556 anglicanum,
947 2472 1005 2558 qui
1024 2471 1159 2536 ordines
1180 2473 1307 2536 conlert

180 2587 279 2672 juxta
304 2585 463 2650 Ordinato
489 2585 758 2664 Eduardianum,
788 2607 856 2648 non
890 2585 1064 2650 intendere
1091 2609 1203 2650 creare
1233 2611 1309 2673 pre-

186 2699 360 2787 sbyteros,
387 2699 580 2786 episcopos,
609 2699 695 2762 sicut
722 2721 779 2762 eos
799 2679 962 2786 intelligit
992 2700 1142 2763 Ecclesia
1167 2698 1307 2777 Christi,

186 2813 300 2878 sedin
325 2835 428 2878 sensu
450 2836 590 2900 prorsus
609 2813 761 2891 diverse,
789 2813 856 2876 imo
881 2813 1026 2898 positive
1047 2813 1244 2894 excludere,
1267 2815 1309 2878 ad

186 2949 339 2992 normam
361 2927 533 2991 Ordinatio
549 2935 583 2990 et
604 2928 708 2991 totius
730 2926 874 3012 liturgia
894 2927 1098 3014 anglicana,
1116 2929 1310 2992 sacerdotes

187 3042 333 3129 qui·sint
352 3065 431 3105 vere
447 3041 707 3120 sacriticatores;
730 3041 819 3105 unde
845 3040 956 3106 dictus
981 3043 1136 3106 minister
1160 3043 1310 3128 anglica-

185 3178 267 3236 nus,
289 3155 324 3218 in
345 3155 397 3218 his
424 3154 696 3219 ordinationibus
722 3155 950 3226 conferendis,
974 3155 1153 3220 manifesto
1179 3155 1311 3220 laborat

186 3269 320 3354 defectu
347 3269 553 3333 intentionis.
583 3268 712 3347 -Qui
739 3267 891 3332 defectus
915 3269 1109 3334 extenditur
1135 3269 1237 3333 etiam
1269 3269 1311 3334 ad

187 3381 434 3446 ordinationem
454 3381 687 3463 diaconorum,
709 3405 794 3469 quos
822 3381 973 3446 Ecclesia
998 3381 1124 3446 Christi
1143 3384 1310 3470 praecipue

188 3501 222 3559 et
241 3503 319 3560 ante
339 3497 453 3560 omnia
479 3495 641 3581 intelligit
656 3503 694 3559 ut
715 3497 887 3559 ministros
907 3497 1038 3567 altaris,
1062 3519 1163 3582 quem
1190 3520 1311 3560 conee-

188 3615 285 3695 ptum
305 3609 492 3674 excludunt
511 3609 691 3696 anglicani.

235 3862 329 3931 283.
348 3901 391 3911 -
412 3865 447 3929 30
465 3864 598 3927 Judicia
618 3873 649 3927 et
671 3887 750 3928 usus
770 3865 865 3928 Sedis
887 3887 1043 3929 romanae.
1063 3863 1309 3952 -Optimum,

188 3999 250 4063 pro
270 3976 427 4042 nullitate
448 3977 699 4042 ordinationum
720 3977 990 4064 anglicanarum,
1013 3978 1191 4042 deducitur
1211 4001 1312 4062 argu-

221 4234 293 4284 ‘Ue
313 4240 437 4284 asserunt
461 4237 658 4300 archiepiscopi
678 4237 809 4298 anglicani
834 4237 860 4284 in
887 4252 934 4284 sua
957 4236 1138 4299 desponsione
1157 4237 1190 4284 ad
1211 4237 1312 4285 bullam

192 4313 289 4363 Leonis
304 4313 381 4368 Xlll.
398 4330 423 4364 n.
439 4321 480 4372 15,
497 4331 523 4378 p.
539 4321 578 4364 25.
1198 4311 1201 4316 ¹
