3316 5052
272 531 274 542 ,
366 481 423 533 35Ιὲ
631 481 677 531 ΒΕ
695 481 835 530 LEGIBUS
856 481 968 530 sicne
987 478 1223 530 nunfflnoffls

365 623 643 690 minationibus
670 622 794 711 quibus
822 647 859 689 se
886 623 1100 688 devoverunt
1126 589 1288 709 prodesse
1314 643 1383 685 non
1409 641 1492 686 con·

365 739 521 820 cedatur,
549 761 685 826 aequum
715 760 853 825 prorsus
882 738 947 802 erit
974 743 1013 801 ut
1037 735 1081 800 ab
1110 759 1149 800 ea
1179 733 1438 814 excludantur¹3
1471 765 1486 796 »

260 841 264 852 ’
365 852 399 917 id
417 859 483 934 est,
497 875 633 940 aequum
652 859 707 916 est
726 857 765 916 ut
783 853 816 915 in
832 874 908 916 eam
927 850 1140 938 ingrediendi
1159 849 1242 937 ipsis
1262 848 1400 912 licentia
1418 871 1486 914 non

365 967 479 1048 detur,
512 965 584 1047 vel,
617 966 646 1029 si
670 966 743 1053 jam
771 966 916 1052 ingressi
945 964 1087 1044 fuerint,
1118 971 1156 1028 ut
1186 961 1229 1028 ab
1260 963 1318 1026 illa
1349 971 1484 1028 exeant.

364 1081 461 1147 Unde
480 1079 695 1167 relinquendi
714 1078 873 1144 videntur
893 1101 967 1144 esse
986 1079 1164 1143 auctores¹
1181 1077 1240 1164 qui
1260 1077 1384 1141 docent
1401 1099 1488 1163 prie-

362 1195 452 1259 tatos
469 1193 660 1274 ordinatos,
684 1193 791 1258 semel
809 1193 845 1257 in
865 1192 991 1259 Ordine
1011 1191 1158 1276 regulari
1176 1190 1365 1278 professos,
1386 1213 1488 1278 posse

363 1333 382 1374 a
402 1309 473 1372 suis
492 1306 722 1394 superioribus
742 1307 851 1372 cuivis
869 1305 981 1371 officio
1001 1305 1145 1371 ubilibet
1163 1305 1287 1373 addici
1577 1297 1579 1300 ⁵

407 1423 440 1486 d.
464 1421 670 1486 Praedictum
689 1429 805 1486 tamen
820 1421 1052 1508 juramentum
1072 1442 1141 1484 non
1160 1419 1304 1506 impedit
1318 1420 1400 1506 quin
1414 1419 1486 1506 epi-

362 1557 485 1623 scopus
512 1557 618 1600 unum
636 1541 696 1600 aut
721 1535 836 1620 plures
861 1533 1055 1599 sacerdotes
1078 1535 1292 1598 commodare
1317 1534 1425 1620 possit
1441 1535 1486 1598 ad

363 1659 495 1735 tempus
512 1647 572 1712 alii
590 1647 739 1726 dioecesi,
762 1647 865 1712 etiam
885 1655 981 1712 extra
1000 1647 1226 1734 provinciam,
1241 1647 1297 1711 vel
1314 1646 1416 1712 alicui
1429 1647 1485 1734 pio

361 1762 448 1844 loco,
475 1785 509 1826 v.
542 1785 591 1848 g.,
622 1761 785 1847 collegio;
813 1761 877 1825 hoc
896 1761 987 1826 enim
1013 1761 1048 1824 iu
1077 1783 1174 1840 casu,
1207 1759 1365 1825 sacerdos
1391 1759 1484 1824 nullo

361 1875 462 1940 modo
482 1875 539 1940 alii
558 1875 696 1940 dioecesi
717 1875 952 1962 incorporatur
970 1883 1030 1940 aut
1051 1875 1192 1940 alterius
1213 1875 1386 1938 missionis
1402 1875 1482 1939 titu-

360 1991 433 2055 lum
452 1989 596 2054 assumit
617 1989 697 2076 (quo
718 1989 752 2053 in
770 2011 864 2068 casu,
886 1997 924 2053 ut
942 1989 1073 2054 dictum
1093 1995 1160 2068 est,
1178 1989 1360 2077 requiritur
1381 1988 1483 2052 liceu-

290 2135 299 2186 ,·
360 2104 408 2168 tia
429 2104 464 2168 S.
492 2103 622 2192 Sedis);
644 2103 705 2167 sed
726 2111 877 2180 tantum,
897 2103 947 2168 sic
967 2103 1186 2191 permittente
1206 2102 1383 2190 episcopo,
1404 2125 1481 2189 ope-

360 2241 433 2282 ram
462 2241 558 2282 suam
586 2225 691 2282 navat
721 2217 756 2281 in
788 2217 851 2282 hac
878 2217 945 2281 alia
974 2217 1128 2298 dioecesi,
1161 2217 1217 2281 vel
1254 2217 1288 2280 in
1321 2216 1477 2302 collegio;

361 2331 540 2419 episcopus
554 2339 668 2396 autern
689 2329 859 2395 liberrime
879 2339 993 2418 potest
1013 2353 1171 2395 revocare
1191 2331 1225 2394 in
1245 2353 1342 2394 suam
1362 2329 1482 2394 dioece-

360 2447 425 2510 sim
458 2469 558 2510 suum
591 2444 846 2532 presbyterum,
883 2453 917 2510 et
954 2445 1036 2510 item
1069 2445 1123 2508 hic
1156 2443 1335 2532 presbyter
1371 2449 1481 2531 potest

358 2559 529 2624 liberrime
556 2559 748 2646 relinquere
775 2581 901 2623 novam
929 2559 1106 2623 dioecesim
1139 2558 1193 2622 vel
1219 2557 1417 2645 collegium,
1449 2564 1481 2621 et

359 2681 473 2760 petere
499 2695 519 2736 a
543 2695 607 2736 suo
631 2673 789 2760 episcopo
809 2695 934 2737 munus
959 2672 1227 2737 ecclesiasticum
1254 2679 1291 2736 et
1315 2679 1482 2736 sustenta·

359 2787 499 2851 tionem.
518 2787 561 2850 Et
584 2786 631 2850 ita
650 2785 884 2872 juramentum
904 2787 1103 2874 praedictum
1127 2786 1394 2873 interpretantur
1411 2784 1480 2872 epi-

358 2901 468 2989 scopi,
489 2923 523 2966 v.
546 2925 595 2986 g.,
617 2900 652 2963 in
672 2899 827 2965 Statibus
847 2901 1033 2965 Foederatis
1052 2900 1218 2964 Americae
1237 2901 1481 2986 septentriona-

358 3016 417 3094 lis,
458 3016 493 3078 in
530 3015 668 3102 regione
701 3012 914 3094 Canadensi,
958 3023 1023 3080 etc.
1069 3051 1111 3066 -·
1149 3014 1292 3102 Propter
1329 3013 1479 3078 eamdem

357 3130 540 3208 rationem,
562 3135 676 3215 potest
695 3128 873 3215 episcopus
892 3129 1107 3193 commodare
1128 3151 1227 3192 suum
1246 3127 1479 3216 presbyterum

358 3243 596 3306 communitati
615 3241 869 3322 ecclesiasticae,
891 3241 947 3306 vel
965 3243 1069 3306 etiam
1088 3241 1360 3332 congregationi,
1383 3241 1482 3306 modo

358 3356 536 3444 presbyter
558 3357 593 3420 in
617 3355 670 3419 his
694 3355 788 3419 nulla
806 3363 886 3420 vota
913 3356 1063 3436 emittat,
1086 3363 1121 3420 et
1147 3357 1196 3421 sic
1222 3356 1356 3444 possint
1377 3355 1481 3420 libere

362 3477 436 3533 tum
455 3470 635 3558 episcopus
648 3491 822 3550 revocare,
845 3471 874 3533 si
893 3469 995 3550 velit,
1012 3493 1114 3534 suum
1133 3468 1389 3556 presbyterum,
1408 3475 1479 3532 tum

358 3583 537 3671 presbyter
564 3583 754 3670 relinquere
779 3584 1057 3648 communitatem
1085 3591 1146 3648 aut
1169 3583 1479 3670 congregationem.

357 3815 443 3862 larum
454 3814 621 3864 fundationis
636 3817 716 3879 hujus
728 3816 834 3878 collegii
844 3816 991 3874 ministret,
1004 3815 1137 3864 satisfacit
1146 3815 1312 3878 juramento.
1324 3816 1366 3865 ltu
1374 3815 1402 3865 S.
1415 3816 1484 3865 Con-

357 3894 477 3955 gregatio
494 3893 527 3940 de
552 3893 728 3957 propaganda
754 3895 831 3952 Fide,
856 3893 1060 3943 Declarationes
1083 3909 1165 3956 super
1186 3895 1302 3943 formula
1321 3895 1481 3957 juramenti.

358 3976 371 4018 8
386 3985 444 4038 apr.v
459 3975 528 4027 1661,
545 3986 571 4019 n.
586 3976 612 4030 13
628 3973 797 4022 Collectanea
812 3973 837 4021 S.
849 3975 933 4036 Cong.
945 3973 978 4021 de
992 3962 1071 4036 Prop.
1083 3962 1161 4030 Fide,
1178 3987 1204 4020 n.
1221 3977 1279 4031 361,
1296 3989 1322 4036 p.
1339 3977 1392 4022 116.

389 4050 398 4083 ¹
412 4049 465 4098 Cit.
481 4049 686 4098 Declarationer
701 4057 714 4099 8
730 4067 789 4114 apr.
809 4056 878 4107 1661,
893 4067 920 4100 n.
936 4055 965 4111 t3
983 4052 1168 4108 Collectanea,
1185 4055 1247 4110 etc,
1263 4065 1290 4114 p.
1301 4056 1356 4098 111.

389 4127 400 4161 ²
416 4127 449 4172 V.
462 4143 497 4189 g,
515 4127 798 4188 Ballerini-Palniicri,
814 4131 886 4193 Opus
900 4130 1011 4188 morale,
1025 4133 1104 4179 tract.
1119 4130 1157 4187 Χ,
1172 4135 1238 4179 sect.
1253 4145 1302 4188 vn,
1318 4145 1345 4177 n.
1360 4134 1399 4188 85,
1415 4133 1481 4188 not,

358 4205 451 4263 Preti,
468 4209 541 4264 1892,
564 4208 584 4254 t.
611 4222 636 4264 v,
657 4222 683 4269 p.
709 4212 767 4266 7573
795 4235 822 4244 —
848 4209 983 4274 Konings,
1007 4209 1251 4266 Commentarium‚
1276 4213 1344 4266 etc,
1370 4223 1398 4257 n.
1423 4213 1486 4263 211,

357 4299 384 4346 p.
402 4288 456 4332 ³71.
