3294 5054
333 461 385 514 ³86
601 463 644 512 1)ss
663 461 802 512 LEGIBUS
822 460 935 510 SACRAE
955 459 1191 510 onnlslrlonls

333 613 413 670 sunt
437 605 652 686 dimissoriae,
675 604 731 669 vel
754 605 858 668 irritae
881 609 980 684 sunt,
1007 611 1081 668 turn
1104 603 1183 690 quia
1208 623 1366 689 expresse
1389 609 1461 666 sta-

332 719 398 784 tuit
417 719 623 784 Benedictus
647 718 738 800 XIV,
767 719 801 782 in
826 717 918 782 bulla
944 717 1115 802 Impositi,
1138 719 1154 798 ᾖ
1179 716 1247 783 12:
1269 743 1285 776 a
1309 715 1408 795 Quod
1428 715 1459 780 si

331 833 455 921 aliquis
474 833 617 898 antistes
635 832 825 918 regularem
845 832 974 912 virum,
996 832 1032 896 iu
1045 853 1106 896 sua
1125 829 1264 894 dioeeesi
1282 829 1458 917 proprium

331 946 539 1012 domicilium
559 971 627 1012 non
648 946 841 1028 habentem,
861 947 943 1011 solis
967 946 1074 1034 ipsius
1094 943 1277 1031 superioris
1300 942 1459 1007 diunisso-

330 1061 471 1126 rialibus
496 1061 620 1126 litteris
646 1068 839 1140 contentus,
867 1061 940 1126 sine
966 1060 1128 1146 adjuncta
1151 1057 1291 1147 praelata
1314 1062 1459 1122 attesta-

330 1175 425 1240 tione
443 1175 477 1239 in
497 1174 605 1240 lorma
617 1174 787 1262 probanti,
805 1173 847 1238 ad
860 1174 996 1239 ordines
1011 1195 1213 1260 promovere
1230 1191 1457 1259 praesumpse-

329 1290 389 1370 rit,
415 1288 630 1354 deseruimus
649 1297 684 1353 et
714 1288 924 1354 declaramus
952 1287 1042 1352 hune
1068 1288 1142 1374 ipso
1169 1285 1258 1351 lecto
1282 1285 1455 1350 incurrere

329 1404 364 1468 in
386 1427 507 1492 poenas
525 1403 705 1468 canonicas
724 1402 888 1466 adversus
902 1425 961 1466 eos
980 1402 1203 1482 constitutas,
1225 1399 1284 1487 qui
1303 1397 1455 1464 alienum

330 1516 505 1582 subditum
523 1516 687 1603 legitimis
701 1515 904 1580 dimissoriis
923 1515 1128 1580 destitutum
1147 1512 1409 1579 ordinaverint¹.
1436 1537 1454 1570 s

375 1631 414 1697 C.
442 1630 562 1710 Quoad
581 1629 769 1716 Regulares
793 1629 967 1694 ordinatos
994 1627 1037 1694 ab
1060 1628 1229 1716 episeopis
1253 1625 1372 1692 alienis
1396 1623 1456 1688 vel

329 1746 403 1810 sine
422 1744 624 1810 dimissoriis
643 1744 697 1808 sui
716 1743 916 1830 superiorIS,
938 1743 995 1807 vel
1015 1766 1093 1808 curn
1108 1741 1310 1808 dimissoriis
1329 1737 1451 1818 irritis,

328 1859 505 1924 incurrunt
522 1881 659 1946 poenam
680 1859 784 1922 latam
804 1881 823 1922 a
843 1879 938 1922 conc.
964 1857 1072 1938 Trid.,
1101 1857 1136 1920 in
1155 1879 1229 1944 cap.
1258 1853 1453 1919 Ordinatio-

328 1995 400 2055 nes,
430 1971 467 2054 8,
494 1996 578 2038 sess.
602 1971 731 2054 XXIII,
755 1972 806 2036 Du
827 1993 912 2052 nne„
935 1971 1007 2052 vel,
1034 1972 1063 2036 si
1087 1970 1266 2058 episeopus
1290 1967 1454 2034 ordinans

328 2087 428 2152 luerit
447 2086 610 2168 titularis,
632 2087 667 2152 in
685 2088 743 2152 cit.
770 2110 844 2174 cap.
867 2087 913 2150 Et
936 2087 1099 2172 quoniam
1118 2085 1181 2175 (de
1200 2082 1324 2172 quibus
1341 2081 1455 2169 poeuis

326 2199 405 2265 vide
423 2200 515 2266 dicta
533 2225 647 2288 supra,
671 2225 705 2266 n.
729 2201 796 2284 62,
817 2201 879 2289 20).

444 2493 504 2560 111.
531 2495 720 2560 Pnrvunon
745 2515 919 2560 aserenam
943 2515 1077 2561 oannes
1102 2515 1121 2558 a
1146 2514 1338 2568 Qrooenotn

369 2717 415 2781 N.
437 2717 479 2782 B.
495 2753 536 2764 -
549 2715 707 2780 Facultas
727 2715 911 2803 recipiendi
931 2715 1066 2780 ordines
1086 2738 1106 2780 a
1126 2738 1338 2804 quocumque
1360 2717 1451 2805 (epi-

325 2829 464 2917 seopo),
487 2828 622 2917 quando
651 2829 829 2916 episcopus
854 2828 1066 2894 dioecesanus
1091 2828 1202 2909 abest,
1226 2828 1282 2894 vel
1305 2851 1372 2893 non
1397 2837 1450 2893 est

325 2942 503 3007 habiturus
515 2941 756 3023 ordinationes
776 2941 876 3027 juxta
891 2965 930 3006 ea
949 2963 1024 3030 quae
1045 2965 1146 3030 supra
1165 2942 1256 3006 dieta
1275 2949 1365 3022 sunt,
1380 2963 1448 3005 non

325 3063 377 3120 est
406 3055 639 3144 prIvilegium,
672 3056 733 3120 sed
757 3056 814 3142 jus
843 3078 1034 3121 commune.
1066 3057 1192 3120 Verum
1224 3078 1294 3120 non
1324 3055 1447 3120 desunt

325 3168 469 3235 Ordines
488 3171 678 3257 regulares,
701 3168 825 3258 quibus
851 3193 1050 3235 concessum
1075 3178 1127 3235 est
1150 3170 1383 3258 privilegium,
1408 3175 1446 3234 ut

324 3306 441 3347 eorum
460 3283 588 3347 alumni
619 3306 752 3370 semper
777 3283 924 3348 ordiaari
942 3285 1077 3371 possint
1105 3307 1124 3348 a
1150 3305 1380 3372 quocumque;
1404 3283 1445 3348 de

323 3396 446 3485 quibus
466 3397 652 3486 privilegiis
671 3420 762 3462 nunc
785 3417 792 3463 τ

369 3635 463 3705 160.
489 3674 534 3684 -
567 3637 829 3706 Condiciones
860 3639 1061 3726 requIsitae
1095 3645 1139 3707 ut
1171 3639 1330 3708 valeant
1361 3639 1447 3707 haeo

321 3750 545 3839 privilegia.
561 3790 606 3800 -
624 3753 716 3818 Ante
736 3753 917 3818 concilium
930 3753 1036 3835 Trid.,
1054 3776 1172 3819 omnes
1188 3752 1332 3820 Ordines
1348 3777 1445 3840 regu-

322 3863 428 3946 lares,
448 3872 487 3929 ut
510 3864 639 3930 dletum
658 3875 726 3947 est,
749 3866 945 3932 fruebantur
964 3867 1142 3956 privilegio
1167 3869 1360 3933 dimittendi
1384 3891 1446 3933 seu

317 3980 547 4064 presentandi
573 3982 726 4046 subditos
763 3983 807 4044 ed
841 4005 1089 4069 quemcumque
1126 3984 1334 4069 episcopum,
1367 4005 1446 4046 cum

355 4193 363 4224 ¹
381 4191 421 4238 lta
438 4192 519 4240 etiarn
538 4191 702 4248 Pennacclii,
722 4193 851 4242 inconst.
869 4193 1031 4259 Apostolicae
1044 4194 1133 4253 Sedis,
1154 4195 1257 4256 Roman,
1280 4199 1355 4254 isse,
1375 4199 1395 4245 t.
1413 4213 1449 4255 n,

321 4283 348 4332 p.
365 4273 409 4317 ³78
425 4284 465 4332 sq.
