3238 5052
295 496 437 546 nonme·
457 497 640 546 maronica
659 497 755 546 ClRCA
776 498 873 548 nnus
893 497 1130 548 oaoiuarios'is
1221 495 1269 546 tm

188 643 272 704 247.
285 677 323 686 -
336 642 523 704 Ordinatio
537 643 758 704 subdiaconi.
769 678 810 689 —
824 642 913 702 ltitus
929 651 1001 702 sunt
1015 661 1021 701 :
1040 647 1066 701 l.
1082 643 1155 702 Post
1173 644 1273 702 varias

148 748 309 818 lectiones
324 747 489 826 episcopus
504 747 634 826 imponit
652 769 777 807 manum
794 769 888 827 super
902 757 994 827 caput
1011 748 1186 818 ordinandi,
1202 769 1273 807 cum

149 852 240 930 longa
261 851 402 910 oratione
422 852 668 922 consecratoria;
685 888 725 896 -
740 857 766 913 2.
783 853 982 912 Ordinandus
1003 853 1172 912 induitur«
1190 861 1274 912 veste

149 957 252 1017 clerici
268 983 295 1025 a,
318 965 424 1036 postea
446 957 538 1016 tradit
559 957 586 1016 ei
607 957 772 1037 episcopus
792 958 1003 1038 manipulum:
1026 993 1064 1002 —
1084 961 1113 1017 3.
1136 959 1160 1015 T
1162 958 1275 1017 reditio

149 1061 253 1122 calicis
277 1061 366 1121 vacui
389 1069 418 1120 et
443 1069 579 1140 patenae,
603 1083 673 1121 cum
696 1062 824 1122 relativa
848 1063 1000 1128 formula:
1023 1098 1063 1107 -
1085 1063 1114 1121 4.
1138 1062 1275 1121 Traditio

150 1166 298 1238 missalis,
316 1166 534 1246 parmenioni,
551 1167 745 1247 aliorumque
762 1177 1014 1246 paramentorum
1031 1167 1132 1226 missa
1145 1168 1166 1226 ¹.

190 1381 274 1442 248.
298 1415 336 1422 ——
361 1379 547 1440 Ordinatio
572 1381 744 1458 acolythi.
771 1415 808 1424 -
834 1380 924 1440 Ritus
951 1387 1023 1438 sunt
1049 1387 1082 1438 ut
1108 1380 1273 1460 sequitur:

156 1490 180 1544 l.
209 1483 280 1544 Post
309 1483 555 1542 admonitionem
582 1484 721 1556 diaconi,
749 1485 913 1564 episcopus
940 1484 1015 1543 dicit
1042 1485 1216 1544 orationem
1245 1493 1278 1543 ut

152 1587 357 1664 ordinandus,
375 1587 593 1647 benedictione
611 1589 679 1660 Dei,
695 1588 772 1648 bene
786 1589 939 1648 ministret
954 1589 984 1646 in
1000 1588 1107 1648 ordine
1121 1587 1277 1668 acolythi3

151 1728 191 1737 —
210 1695 238 1751 9.
258 1691 378 1750 Deinde
401 1692 495 1750 tradit
515 1693 541 1751 ei
563 1693 784 1753 ceroferarium
801 1715 870 1752 cum
891 1713 997 1766 ceree,
1016 1701 1081 1752 tum
1102 1693 1279 1761 urceolum,

153 1797 286 1856 recitans
307 1797 458 1856 formulas
479 1797 621 1856 formulis
641 1797 745 1856 latinis
765 1797 968 1857 simillimas².
985 1833 1026 1842 —
1041 1799 1110 1858 Non
1132 1818 1282 1856 memora-

154 1909 205 1961 tur
220 1903 250 1960 in
265 1901 324 1961 hac
339 1901 537 1960 ordinatione
558 1901 717 1982 impositio
733 1924 882 1962 manuum
899 1903 938 1962 ab
958 1904 1105 1983 episcopo
1121 1902 1279 1967 iacienda:

154 2027 214 2066 vox
230 2006 356 2088 quidem
377 2005 554 2067 citirotonia
571 2007 694 2086 legitur,
713 2008 742 2066 in
759 2009 900 2068 versione
917 2009 1028 2081 latina,
1047 2017 1112 2068 tum
1128 2009 1159 2066 in
1176 2007 1282 2067 admo-

153 2111 272 2171 nitione
291 2111 430 2184 diaconi,
450 2120 514 2171 tum
534 2113 566 2170 in
586 2113 728 2172 oratione
748 2114 904 2194 episcopi;
922 2113 975 2173 sed
997 2113 1281 2192 probabilissimum

154 2225 201 2276 est
217 2216 403 2276 vocabulum
424 2217 687 2296 correspondens,
710 2219 741 2276 in
761 2227 848 2277 textu
870 2239 1008 2287 armena,
1031 2240 1093 2277 non
1109 2219 1282 2296 significem

154 2322 213 2380 nisi
233 2321 460 2382 ordinationem
475 2321 575 2400 (sicut
595 2323 677 2402 apud
696 2323 832 2394 Latinos
850 2344 910 2382 vox
934 2321 1093 2382 ordinatio
1108 2323 1283 2403 applicatur

155 2427 247 2486 etiam
261 2425 368 2505 primae
383 2435 535 2502 tonsura,
553 2447 622 2506 quae
639 2435 761 2486 nonest
777 2427 882 2504 ordo).

195 2645 278 2707 249.
303 2680 343 2689 -
367 2647 553 2708 Ordinatio
581 2650 786 2709 axoroiatae.
812 2683 851 2690 —
880 2653 903 2706 l.
932 2647 1005 2706 Post
1035 2646 1279 2705 admonitionem

154 2749 293 2826 diaconi,
315 2749 479 2829 episcopus
500 2749 575 2809 dicit
598 2751 788 2824 orationem,
810 2759 843 2810 ut
868 2751 1060 2810 ordinandus
1087 2751 1164 2810 bene
1195 2751 1284 2808 mini-

155 2861 250 2926 stret;
271 2889 311 2898 -
331 2859 359 2914 2.
383 2854 494 2914 Postea
519 2855 610 2914 tradit
635 2855 748 2914 librum
772 2856 1032 2918 exorcismorum.
1055 2876 1125 2914 eum
1150 2855 1282 2914 formula

156 2957 259 3018 latinae
277 2959 433 3018 simillima
446 2960 467 3019 ³.

196 3178 280 3240 250.
300 3211 339 3222 —
359 3179 546 3239 Ordinatio
567 3179 722 3240 lectoris.
746 3213 780 3220 -—
806 3183 831 3237 l.
857 3178 930 3237 Post
951 3178 1196 3238 admonitionem
1220 3180 1284 3239 dia-

156 3282 238 3356 coni,
253 3283 419 3362 episcopus
432 3282 506 3341 dicit
520 3283 693 3342 orationem
716 3291 748 3342 ut
765 3304 856 3362 supra
869 3301 876 3356 ;
893 3319 932 3326 —
947 3287 975 3342 ’2.
989 3284 1013 3341 T
1016 3283 1093 3342 radit
1110 3284 1284 3344 ordinando

157 3386 270 3446 librum
293 3387 540 3467 «apostolorum
565 3397 596 3447 et
621 3388 842 3468 prophetarum
867 3415 899 3461 n,
924 3409 994 3448 cum
1021 3389 1154 3448 formula
1179 3389 1283 3449 latinu·

157 3492 249 3552 simili
261 3493 283 3552 ⁴.

197 3713 281 3775 251.
302 3713 548 3775 -Ordinatio
568 3717 719 3776 ostiarii.
740 3749 780 3758 -
805 3719 831 3773 1.
855 3713 929 3772 Post
951 3713 1195 3774 admonitionem
1218 3715 1282 3774 dia·

156 3817 238 3888 coni,
256 3817 421 3897 episcopus
436 3817 512 3878 dicit
526 3819 699 3878 orationem
717 3825 751 3878 ut
766 3839 876 3898 supra;
891 3854 931 3864 —
944 3823 972 3880 2.
986 3819 1092 3878 Tradit
1107 3819 1282 3880 ordinando

157 3921 275 3982 clavem
298 3923 452 3996 ecclesia,
476 3945 547 3984 cum
571 3923 704 3984 formula
729 3924 833 3984 latinae
858 3925 968 3993 simili;
993 3961 1030 3970 -
1052 3927 1081 3984 3.
1107 3925 1280 3995 Diaconus,

188 4077 195 4109 ¹
216 4077 373 4140 Denzinger,
390 4093 416 4140 p.
433 4082 558 4127 raa-tat.

188 4157 199 4188 ¹
216 4154 296 4212 nn„
313 4171 339 4218 p.
353 4161 478 4204 sar-io.

190 4231 296 4290 wau,
314 4250 339 4296 ρ.
356 4239 482 4284 iso-io.

188 4313 199 4346 ⁴
217 4312 296 4370 nai..
313 4329 339 4376 p.
356 4318 480 4362 ‹ia-ao.

237 4425 319 4460 SACRA
334 4425 451 4460 nanim.
