3238 5052
314 411 366 462 itt
648 417 692 466 DE
711 415 843 468 altinus
862 415 1102 466 onutnaatoats

353 557 437 620 228·
452 591 491 600 —
506 558 695 620 Ordinatio
713 560 882 622 cantoris.
897 558 1044 619 -Ritus
1062 565 1134 618 sunt
1149 576 1157 617 :
1181 563 1206 617 l.
1230 557 1305 616 Post
1324 554 1438 615 multas

313 683 420 742 preces
441 667 493 738 (ut
516 665 580 722 fieri
603 665 682 724 solet
704 673 776 724 ante
797 664 968 746 quamlibet
991 665 1248 739 ordinationem),
1272 662 1438 743 episcopus

312 768 446 848 imponit
465 788 590 828 manum
616 771 723 830 tuturo
746 771 859 831 clerico
879 777 910 830 et
929 771 1064 840 cantori,
1086 777 1121 828 ut
1139 769 1251 848 dignus
1275 768 1330 826 fiat
1352 787 1437 826 novo

312 873 409 950 gradu
434 895 525 954 quem
549 875 759 956 acquisiturus
782 885 847 943 est:
870 911 911 921 -
932 878 962 936 ⁶2.
986 875 1160 956 Episcopus
1181 873 1290 932 tondet
1311 893 1380 931 eum
1403 872 1437 931 in

313 979 439 1038 modum
465 981 580 1052 crucis,
604 1001 675 1040 cum
701 981 880 1040 brevissima
907 981 1061 1040 formula:
1088 977 1260 1060 Siquamus
1286 983 1328 1054 le,
1355 986 1435 1048 etc.;

314 1085 395 1142 unde
418 1084 572 1144 ordinatio
595 1087 732 1145 cantoris
754 1087 894 1146 continet
916 1088 947 1146 in
968 1109 1000 1144 se
1021 1094 1052 1145 et
1071 1085 1216 1165 explicite
1236 1083 1436 1142 collationem

313 1189 420 1268 primm
441 1198 596 1262 tonsuram
613 1226 652 1236 -
665 1193 695 1252 3.
714 1191 827 1252 Postea
841 1191 1007 1272 epiecopus
1025 1189 1232 1270 apprehendit
1250 1209 1320 1247 enm
1341 1207 1436 1246 manu

312 1293 455 1366 dextera,
478 1315 588 1368 orans;
612 1296 758 1356 admovet
782 1317 852 1356 eum
876 1297 913 1355 ad
937 1296 1049 1368 altare,
1072 1296 1184 1354 iterum
1207 1311 1317 1363 orans;
1340 1290 1438 1351 tradit

313 1399 357 1458 illi
380 1399 492 1459 librum
517 1401 724 1480 psalmorum,
747 1409 781 1461 ut
803 1409 903 1480 gestet
925 1401 1013 1461 illum
1037 1421 1093 1481 per
1112 1399 1343 1480 processionem
1365 1417 1438 1477 quae

312 1525 384 1564 mox
399 1505 433 1564 lit
446 1505 466 1564 ¹.
484 1541 523 1550 —
540 1505 717 1566 Notandum
734 1515 795 1575 est,
813 1506 895 1587 apud
912 1506 1099 1578 Maronitas,
1116 1511 1312 1565 cantoratum
1328 1501 1438 1561 subor-

311 1609 452 1669 dinatum
473 1631 538 1669 csse
559 1611 738 1684 lectoratui,
756 1612 797 1671 ita
818 1619 852 1672 ut
872 1613 958 1692 prior
977 1612 1054 1671 ordo
1074 1611 1252 1691 requiratur
1271 1608 1308 1667 ad
1329 1615 1437 1688 poste-

312 1716 440 1790 riorem,
467 1725 497 1774 et
519 1717 600 1776 iuter
622 1737 717 1777 unum
740 1725 771 1776 et
793 1717 925 1777 alterum
949 1718 1148 1800 requirantur
1169 1714 1350 1786 interstitia,
1376 1713 1436 1770 nisi

312 1829 432 1894 tamen,
454 1821 556 1902 quoad
580 1822 761 1892 interstitia,
780 1823 863 1882 aliud
886 1825 1034 1903 episcopo
1056 1819 1232 1881 videatur².
1254 1821 1349 1879 Secus
1371 1825 1435 1888 est,

311 1935 345 1985 ut
360 1927 476 1986 dictum
493 1936 540 1986 est
554 1933 603 2000 (n.
621 1928 711 2006 220)
724 1928 805 2008 apud
823 1928 961 1988 Graecos.

372 2155 443 2226 §a
465 2154 573 2212 Ritus
592 2155 845 2214 ordinationis
866 2157 964 2228 apud
985 2157 1097 2229 Syros
1116 2153 1370 2212 Nestortanos

350 2327 434 2389 229.
456 2363 493 2370 -
512 2329 742 2390 Documenta.
757 2363 798 2372 —
819 2329 883 2388 llos
903 2329 982 2389 ritus
1001 2327 1100 2387 edidit
1119 2327 1263 2386 Marinus
1282 2346 1320 2384 ex
1339 2323 1438 2404 pluri-

311 2431 368 2489 bus
383 2452 457 2491 mss.
477 2433 674 2507 Vaticanis³;
692 2433 749 2492 hos
770 2435 882 2494 iterum
903 2433 1016 2506 edidit,
1034 2455 1103 2492 cum
1125 2432 1317 2492 accuratiore
1337 2429 1437 2488 latina

310 2537 468 2610 versione,
485 2537 514 2597 J.
533 2539 689 2598 Simonius
704 2540 867 2599 Asscmani
879 2539 908 2613 ⁴3
927 2540 1052 2598 demum
1069 2539 1162 2598 tertio
1177 2537 1275 2596 edidit
1289 2534 1438 2614 Aloysius

309 2643 470 2702 Assemani
482 2644 504 2702 ⁵.
522 2645 775 2704 Assemaniorum
797 2653 900 2704 autem
916 2645 1091 2704 versionem
1112 2641 1278 2722 exscripsit
1298 2641 1437 2700 Denzin-

308 2747 395 2826 ger⁸.
411 2783 452 2830 7—
467 2748 630 2823 Ceterum,
647 2771 718 2809 cum
738 2751 816 2808 ritus
835 2750 983 2809 simillimi
999 2750 1062 2810 sint
1076 2748 1188 2808 ritibus
1206 2745 1321 2828 praeis
1341 2766 1437 2825 supra

309 2853 486 2934 descriptis,
505 2853 561 2912 hos
578 2855 758 2914 brevissime
775 2863 893 2914 tantum
910 2854 1064 2914 indicabo¹
1333 2841 1336 2850 ,

348 3043 432 3104 230.
452 3077 492 3087 -
511 3045 738 3106 consecratio
760 3043 1005 3122 episcopalist
1027 3080 1064 3087 —
1088 3043 1178 3102 Ritus
1200 3050 1295 3101 sunt:
1315 3046 1343 3100 l.
1358 3040 1437 3100 Post

309 3146 503 3226 longissimas
533 3149 664 3228 praevias
693 3149 865 3222 orationes,
894 3149 1058 3229 episcopus
1087 3167 1272 3220 consecrans
1301 3147 1435 3226 imponit

340 3291 349 3322 ¹
368 3293 521 3350 Asscmanl,
539 3296 558 3340 t.
576 3309 613 3348 rx,
630 3309 656 3354 p.
675 3297 716 3350 tt,
732 3297 775 3350 15,
792 3297 834 3352 17;
851 3293 885 3342 cl.
902 3295 979 3356 App,
997 3309 1023 3356 p.
1040 3297 1165 3342 131-2311.

339 3369 350 3404 ²
367 3371 517 3419 Concilium
536 3372 637 3421 Montis
651 3371 758 3430 libani,
776 3375 847 3435 part.
864 3371 902 3428 ll,
923 3389 946 3420 c.
963 3389 1016 3430 mv,
1032 3387 1058 3420 n.
1074 3377 1173 3424 aare:
1191 3369 1258 3420 Coti.
1275 3371 1346 3428 Lac„
1367 3374 1387 3418 t.
1402 3386 1434 3428 u,

307 3448 359 3495 col.
373 3453 428 3496 138.

339 3526 467 3583 ³M0rin,
485 3531 554 3589 part.
571 3527 608 3586 ll,
625 3545 651 3591 p.
668 3533 713 3576 370
729 3544 769 3591 sq.

338 3605 348 3637 ⁴
368 3604 537 3653 Bibliotheca
562 3605 722 3664 orientatis,
745 3607 850 3662 Romm,
877 3611 947 3664 172⁸,
969 3611 988 3655 t.
1012 3623 1051 3661 m,
1073 3610 1143 3668 part.
1167 3605 1203 3664 ll,
1225 3605 1271 3654 ubi
1291 3606 1381 3668 agitur
1400 3607 1435 3654 de

307 3683 384 3745 Syris
399 3685 574 3732 Nestoriunis.

340 3763 350 3795 ⁸
367 3761 457 3810 Codex
472 3762 630 3826 litui-picus,
647 3763 695 3812 lib.
713 3773 735 3822 11,
755 3769 820 3826 part.
839 3763 889 3822 Vl,
908 3765 1013 3822 Romae,
1031 3767 1103 3822 1766,
1120 3768 1141 3811 t.
1155 3779 1213 3819 xnr,
1230 3779 1257 3826 p.
1274 3767 1354 3810 1-73.

338 3839 349 3872 ὅ
365 3840 443 3888 Ritus
457 3841 650 3899 Orientalium,
668 3847 687 3891 t.
702 3859 733 3902 n,
748 3858 774 3905 p.
790 3849 833 3890 227
850 3858 890 3905 sq.

337 3919 349 3952 ⁷
362 3922 443 3968 Anno
456 3923 514 3978 110,
530 3921 603 3982 apud
618 3919 701 3982 Syros
717 3921 881 3980 orientales,
896 3924 992 3983 postea
1005 3921 1196 3978 Nestorianos,
1210 3920 1279 3969 ritus
1291 3933 1434 3968 conuers—

306 3998 388 4046 tionis
401 3999 564 4061 episcopalis
576 4014 630 4047 non
643 4001 877 4062 complectebatur
886 4000 974 4047 adhuc
985 3999 1036 4046 nisi
1048 3999 1117 4046 duos
1126 4000 1195 4048 ritus
1206 3999 1432 4061 sirnplieissimos,

306 4076 432 4124 nimirum
449 4077 649 4140 impositionem
661 4078 763 4127 codicis
776 4077 982 4141 evangeliorum
996 4092 1079 4141 saper
1092 4079 1174 4140 eaput
1189 4077 1281 4134 electi,
1297 4081 1325 4125 et
1338 4079 1432 4125 etten-

304 4152 408 4203 sioaem
424 4171 519 4204 manus
533 4156 653 4204 deateroe
667 4156 855 4220 episcoporum
868 4171 952 4220 super
967 4157 1056 4219 ipsum
1070 4171 1131 4204 cum
1147 4157 1270 4206 oratione
1285 4170 1431 4204 consecra-

304 4231 387 4291 toria,
403 4233 442 4282 uti
458 4235 613 4296 praescribit
627 4235 771 4283 concilium
786 4235 846 4282 Mar
860 4233 958 4292 isaaci,
975 4249 1018 4282 an.
1035 4238 1094 4293 tlt,
1109 4249 1168 4282 can.
1187 4239 1212 4292 1,
1226 4235 1297 4297 apud
1313 4233 1430 4292 Chabot,
