<?xml version="1.0" encoding="UTF-8"?>
<!DOCTYPE html PUBLIC "-//W3C//DTD XHTML 1.0 Transitional//EN"
    "http://www.w3.org/TR/xhtml1/DTD/xhtml1-transitional.dtd">
<html xmlns="http://www.w3.org/1999/xhtml" xml:lang="en" lang="en">
 <head>
  <title>
</title>
<meta http-equiv="Content-Type" content="text/html;charset=utf-8" />
  <meta name='ocr-system' content='tesseract 3.04.00' />
  <meta name='ocr-capabilities' content='ocr_page ocr_carea ocr_par ocr_line ocrx_word'/>
</head>
<body>
  <div class='ocr_page' id='page_1' title='image "./praelectionesde00manygoog_0647.png"; bbox 0 0 3248 5052; ppageno 0'>
   <div class='ocr_carea' id='block_1_1' title="bbox 296 443 1064 498">
    <p class='ocr_par' dir='ltr' id='par_1_1' title="bbox 296 443 1064 498">
     <span class='ocr_line' id='line_1_1' title="bbox 296 443 1064 498; baseline 0 -2"><span class='ocrx_word' id='word_1_1' title='bbox 296 443 348 498; x_wconf 74' lang='lat'>630</span> <span class='ocrx_word' id='word_1_2' title='bbox 652 443 696 494; x_wconf 85' lang='lat' dir='ltr'>DE</span> <span class='ocrx_word' id='word_1_3' title='bbox 714 445 818 494; x_wconf 73' lang='lat' dir='ltr'>SACRA</span> <span class='ocrx_word' id='word_1_4' title='bbox 838 445 1064 496; x_wconf 76' lang='lat' dir='ltr'>ORDlNATlONE</span> 
     </span>
    </p>
   </div>
   <div class='ocr_carea' id='block_1_2' title="bbox 298 585 1421 860">
    <p class='ocr_par' dir='ltr' id='par_1_2' title="bbox 298 585 1421 860">
     <span class='ocr_line' id='line_1_2' title="bbox 298 585 1421 668; baseline 0.002 -22"><span class='ocrx_word' id='word_1_5' title='bbox 298 587 385 648; x_wconf 81' lang='lat' dir='ltr'>Sedis</span> <span class='ocrx_word' id='word_1_6' title='bbox 401 587 591 668; x_wconf 78' lang='lat' dir='ltr'>Apostolicae</span> <span class='ocrx_word' id='word_1_7' title='bbox 612 586 750 660; x_wconf 76' lang='lat' dir='ltr'>licentia,</span> <span class='ocrx_word' id='word_1_8' title='bbox 767 593 822 646; x_wconf 86' lang='lat' dir='ltr'>aul</span> <span class='ocrx_word' id='word_1_9' title='bbox 836 587 868 647; x_wconf 93' lang='lat' dir='ltr'>S.</span> <span class='ocrx_word' id='word_1_10' title='bbox 885 585 1143 666; x_wconf 84' lang='lat' dir='ltr'>Congregalionis</span> <span class='ocrx_word' id='word_1_11' title='bbox 1162 587 1201 648; x_wconf 96' lang='lat' dir='ltr'>de</span> <span class='ocrx_word' id='word_1_12' title='bbox 1217 587 1421 668; x_wconf 83' lang='lat' dir='ltr'>Propaganda</span> 
     </span>
     <span class='ocr_line' id='line_1_3' title="bbox 298 681 1378 764; baseline 0.001 -21"><span class='ocrx_word' id='word_1_13' title='bbox 298 684 384 754; x_wconf 79' lang='lat' dir='ltr'>Fide,</span> <span class='ocrx_word' id='word_1_14' title='bbox 401 681 567 762; x_wconf 80' lang='lat' dir='ltr'>ingrediar,</span> <span class='ocrx_word' id='word_1_15' title='bbox 585 703 685 764; x_wconf 91' lang='lat' dir='ltr'>neque</span> <span class='ocrx_word' id='word_1_16' title='bbox 701 683 731 741; x_wconf 96' lang='lat' dir='ltr'>in</span> <span class='ocrx_word' id='word_1_17' title='bbox 746 703 853 742; x_wconf 87' lang='lat' dir='ltr'>earum</span> <span class='ocrx_word' id='word_1_18' title='bbox 868 682 972 764; x_wconf 86' lang='lat' dir='ltr'>aliqua</span> <span class='ocrx_word' id='word_1_19' title='bbox 988 684 1212 764; x_wconf 78' lang='lat' dir='ltr'>professionem</span> <span class='ocrx_word' id='word_1_20' title='bbox 1227 685 1378 744; x_wconf 78' lang='lat' dir='ltr'>emittam.</span> 
     </span>
     <span class='ocr_line' id='line_1_4' title="bbox 337 777 1419 860; baseline 0.002 -22"><span class='ocrx_word' id='word_1_21' title='bbox 337 781 445 838; x_wconf 84' lang='lat' dir='ltr'>Voveo</span> <span class='ocrx_word' id='word_1_22' title='bbox 461 780 577 860; x_wconf 79' lang='lat' dir='ltr'>pariter</span> <span class='ocrx_word' id='word_1_23' title='bbox 591 787 621 838; x_wconf 83' lang='lat' dir='ltr'>et</span> <span class='ocrx_word' id='word_1_24' title='bbox 633 779 707 860; x_wconf 87' lang='lat' dir='ltr'>juro</span> <span class='ocrx_word' id='word_1_25' title='bbox 722 779 805 860; x_wconf 91' lang='lat' dir='ltr'>quod</span> <span class='ocrx_word' id='word_1_26' title='bbox 822 779 853 838; x_wconf 92' lang='lat' dir='ltr'>in</span> <span class='ocrx_word' id='word_1_27' title='bbox 869 777 926 840; x_wconf 88' lang='lat' dir='ltr'>hac</span> <span class='ocrx_word' id='word_1_28' title='bbox 943 779 1087 852; x_wconf 79' lang='lat' dir='ltr'>dioecesi,</span> <span class='ocrx_word' id='word_1_29' title='bbox 1103 789 1156 840; x_wconf 86' lang='lat' dir='ltr'>aut</span> <span class='ocrx_word' id='word_1_30' title='bbox 1172 781 1337 852; x_wconf 83' lang='lat' dir='ltr'><strong>vicariatu,</strong></span> <span class='ocrx_word' id='word_1_31' title='bbox 1350 780 1419 840; x_wconf 84' lang='lat' dir='ltr'>ael¹</span> 
     </span>
    </p>
   </div>
   <div class='ocr_carea' id='block_1_3' title="bbox 296 874 1422 1822">
    <p class='ocr_par' dir='ltr' id='par_1_3' title="bbox 297 874 1422 1534">
     <span class='ocr_line' id='line_1_5' title="bbox 298 874 1422 956; baseline -0.001 -20"><span class='ocrx_word' id='word_1_32' title='bbox 298 878 327 936; x_wconf 90' lang='lat' dir='ltr'>in</span> <span class='ocrx_word' id='word_1_33' title='bbox 344 877 488 936; x_wconf 84' lang='lat' dir='ltr'>missione</span> <span class='ocrx_word' id='word_1_34' title='bbox 504 876 553 935; x_wconf 88' lang='lat' dir='ltr'>cui</span> <span class='ocrx_word' id='word_1_35' title='bbox 570 875 600 934; x_wconf 92' lang='lat' dir='ltr'>S.</span> <span class='ocrx_word' id='word_1_36' title='bbox 616 874 686 934; x_wconf 84' lang='lat' dir='ltr'>Sodi</span> <span class='ocrx_word' id='word_1_37' title='bbox 704 874 753 934; x_wconf 84' lang='lat' dir='ltr'>vel</span> <span class='ocrx_word' id='word_1_38' title='bbox 769 875 800 935; x_wconf 94' lang='lat' dir='ltr'>S.</span> <span class='ocrx_word' id='word_1_39' title='bbox 816 875 1057 955; x_wconf 80' lang='lat' dir='ltr'>Congregalioni</span> <span class='ocrx_word' id='word_1_40' title='bbox 1073 876 1112 936; x_wconf 90' lang='lat' dir='ltr'>de</span> <span class='ocrx_word' id='word_1_41' title='bbox 1127 875 1331 956; x_wconf 85' lang='lat' dir='ltr'>Propaganda</span> <span class='ocrx_word' id='word_1_42' title='bbox 1346 875 1422 936; x_wconf 85' lang='lat' dir='ltr'>Fide</span> 
     </span>
     <span class='ocr_line' id='line_1_6' title="bbox 298 971 1421 1052; baseline -0.001 -20"><span class='ocrx_word' id='word_1_43' title='bbox 298 995 346 1032; x_wconf 89' lang='lat' dir='ltr'>me</span> <span class='ocrx_word' id='word_1_44' title='bbox 362 972 517 1032; x_wconf 83' lang='lat' dir='ltr'>destinare</span> <span class='ocrx_word' id='word_1_45' title='bbox 533 971 700 1051; x_wconf 78' lang='lat' dir='ltr'>placuerit,</span> <span class='ocrx_word' id='word_1_46' title='bbox 715 978 867 1052; x_wconf 79' lang='lat' dir='ltr'>perpetuo</span> <span class='ocrx_word' id='word_1_47' title='bbox 885 973 916 1030; x_wconf 92' lang='lat' dir='ltr'>in</span> <span class='ocrx_word' id='word_1_48' title='bbox 935 972 1050 1032; x_wconf 91' lang='lat' dir='ltr'>divinis</span> <span class='ocrx_word' id='word_1_49' title='bbox 1070 972 1322 1033; x_wconf 80' lang='lat' dir='ltr'>administrandis</span> <span class='ocrx_word' id='word_1_50' title='bbox 1336 973 1421 1032; x_wconf 85' lang='lat' dir='ltr'>labo·</span> 
     </span>
     <span class='ocr_line' id='line_1_7' title="bbox 297 1067 1421 1150; baseline -0.001 -22"><span class='ocrx_word' id='word_1_51' title='bbox 297 1089 361 1128; x_wconf 88' lang='lat' dir='ltr'>rem</span> <span class='ocrx_word' id='word_1_52' title='bbox 378 1088 480 1127; x_wconf 87' lang='lat' dir='ltr'>meum</span> <span class='ocrx_word' id='word_1_53' title='bbox 496 1089 531 1126; x_wconf 89' lang='lat' dir='ltr'>ac</span> <span class='ocrx_word' id='word_1_54' title='bbox 546 1088 688 1148; x_wconf 83' lang='lat' dir='ltr'>operam,</span> <span class='ocrx_word' id='word_1_55' title='bbox 706 1068 763 1128; x_wconf 88' lang='lat' dir='ltr'>sub</span> <span class='ocrx_word' id='word_1_56' title='bbox 778 1067 956 1128; x_wconf 91' lang='lat' dir='ltr'>omnimoda</span> <span class='ocrx_word' id='word_1_57' title='bbox 971 1067 1142 1130; x_wconf 81' lang='lat' dir='ltr'>directione</span> <span class='ocrx_word' id='word_1_58' title='bbox 1157 1075 1189 1128; x_wconf 81' lang='lat' dir='ltr'>et</span> <span class='ocrx_word' id='word_1_59' title='bbox 1204 1069 1421 1150; x_wconf 79' lang='lat' dir='ltr'>jurisdictione</span> 
     </span>
     <span class='ocr_line' id='line_1_8' title="bbox 299 1165 1422 1246; baseline -0.002 -20"><span class='ocrx_word' id='word_1_60' title='bbox 299 1167 337 1226; x_wconf 84' lang='lat' dir='ltr'>ll.</span> <span class='ocrx_word' id='word_1_61' title='bbox 361 1165 395 1228; x_wconf 91' lang='lat' dir='ltr'>P.</span> <span class='ocrx_word' id='word_1_62' title='bbox 418 1165 457 1226; x_wconf 93' lang='lat' dir='ltr'>D.</span> <span class='ocrx_word' id='word_1_63' title='bbox 475 1185 532 1245; x_wconf 92' lang='lat' dir='ltr'>pro</span> <span class='ocrx_word' id='word_1_64' title='bbox 557 1175 697 1246; x_wconf 83' lang='lat' dir='ltr'>tempore</span> <span class='ocrx_word' id='word_1_65' title='bbox 717 1165 887 1236; x_wconf 82' lang='lat' dir='ltr'>Ordinarii‚</span> <span class='ocrx_word' id='word_1_66' title='bbox 909 1185 966 1245; x_wconf 93' lang='lat' dir='ltr'>pro</span> <span class='ocrx_word' id='word_1_67' title='bbox 986 1166 1086 1226; x_wconf 81' lang='lat' dir='ltr'>salute</span> <span class='ocrx_word' id='word_1_68' title='bbox 1106 1167 1277 1226; x_wconf 89' lang='lat' dir='ltr'>animarum</span> <span class='ocrx_word' id='word_1_69' title='bbox 1302 1167 1422 1246; x_wconf 92' lang='lat' dir='ltr'>impen-</span> 
     </span>
     <span class='ocr_line' id='line_1_9' title="bbox 297 1261 1421 1343; baseline 0 -21"><span class='ocrx_word' id='word_1_70' title='bbox 297 1263 386 1334; x_wconf 88' lang='lat' dir='ltr'>dam;</span> <span class='ocrx_word' id='word_1_71' title='bbox 404 1261 486 1343; x_wconf 86' lang='lat' dir='ltr'>quod</span> <span class='ocrx_word' id='word_1_72' title='bbox 508 1263 600 1320; x_wconf 83' lang='lat' dir='ltr'>eliam</span> <span class='ocrx_word' id='word_1_73' title='bbox 621 1261 775 1340; x_wconf 85' lang='lat' dir='ltr'>praestabo</span> <span class='ocrx_word' id='word_1_74' title='bbox 796 1262 836 1334; x_wconf 80' lang='lat' dir='ltr'>si,</span> <span class='ocrx_word' id='word_1_75' title='bbox 857 1281 928 1322; x_wconf 90' lang='lat' dir='ltr'>cum</span> <span class='ocrx_word' id='word_1_76' title='bbox 953 1263 1110 1342; x_wconf 81' lang='lat' dir='ltr'>praediclae</span> <span class='ocrx_word' id='word_1_77' title='bbox 1131 1262 1219 1322; x_wconf 85' lang='lat' dir='ltr'>Sedis</span> <span class='ocrx_word' id='word_1_78' title='bbox 1242 1263 1421 1342; x_wconf 79' lang='lat' dir='ltr'>apostolicae</span> 
     </span>
     <span class='ocr_line' id='line_1_10' title="bbox 297 1356 1420 1437; baseline -0.002 -19"><span class='ocrx_word' id='word_1_79' title='bbox 297 1358 437 1430; x_wconf 80' lang='lat' dir='ltr'>licentia,</span> <span class='ocrx_word' id='word_1_80' title='bbox 455 1356 651 1436; x_wconf 75' lang='lat' dir='ltr'>religionem,</span> <span class='ocrx_word' id='word_1_81' title='bbox 669 1358 866 1428; x_wconf 79' lang='lat' dir='ltr'>societatem,</span> <span class='ocrx_word' id='word_1_82' title='bbox 884 1365 938 1417; x_wconf 86' lang='lat' dir='ltr'>aut</span> <span class='ocrx_word' id='word_1_83' title='bbox 956 1360 1227 1437; x_wconf 80' lang='lat' dir='ltr'>congregationem</span> <span class='ocrx_word' id='word_1_84' title='bbox 1247 1359 1420 1436; x_wconf 82' lang='lat' dir='ltr'>regularem</span> 
     </span>
     <span class='ocr_line' id='line_1_11' title="bbox 297 1453 1299 1534; baseline 0.003 -21"><span class='ocrx_word' id='word_1_85' title='bbox 297 1457 452 1531; x_wconf 78' lang='lat' dir='ltr'>ingressus</span> <span class='ocrx_word' id='word_1_86' title='bbox 469 1455 567 1524; x_wconf 78' lang='lat' dir='ltr'>luero,</span> <span class='ocrx_word' id='word_1_87' title='bbox 585 1463 617 1513; x_wconf 81' lang='lat' dir='ltr'>el</span> <span class='ocrx_word' id='word_1_88' title='bbox 631 1455 661 1512; x_wconf 94' lang='lat' dir='ltr'>in</span> <span class='ocrx_word' id='word_1_89' title='bbox 677 1473 783 1514; x_wconf 86' lang='lat' dir='ltr'>earum</span> <span class='ocrx_word' id='word_1_90' title='bbox 799 1453 902 1534; x_wconf 88' lang='lat' dir='ltr'>aliqua</span> <span class='ocrx_word' id='word_1_91' title='bbox 918 1453 1141 1533; x_wconf 82' lang='lat' dir='ltr'>professionem</span> <span class='ocrx_word' id='word_1_92' title='bbox 1157 1455 1299 1516; x_wconf 86' lang='lat' dir='ltr'>emisero.</span> 
     </span>
    </p>

    <p class='ocr_par' dir='ltr' id='par_1_4' title="bbox 296 1549 1422 1822">
     <span class='ocr_line' id='line_1_12' title="bbox 339 1549 1422 1632; baseline 0 -22"><span class='ocrx_word' id='word_1_93' title='bbox 339 1553 415 1610; x_wconf 85' lang='lat' dir='ltr'>ltem</span> <span class='ocrx_word' id='word_1_94' title='bbox 433 1572 532 1610; x_wconf 86' lang='lat' dir='ltr'>voveo</span> <span class='ocrx_word' id='word_1_95' title='bbox 548 1559 577 1610; x_wconf 82' lang='lat' dir='ltr'>et</span> <span class='ocrx_word' id='word_1_96' title='bbox 593 1552 667 1632; x_wconf 82' lang='lat' dir='ltr'>juro</span> <span class='ocrx_word' id='word_1_97' title='bbox 684 1571 732 1610; x_wconf 92' lang='lat' dir='ltr'>me</span> <span class='ocrx_word' id='word_1_98' title='bbox 748 1550 931 1630; x_wconf 76' lang='lat' dir='ltr'>praedictum</span> <span class='ocrx_word' id='word_1_99' title='bbox 943 1549 1157 1631; x_wconf 85' lang='lat' dir='ltr'>juramentum</span> <span class='ocrx_word' id='word_1_100' title='bbox 1173 1559 1204 1611; x_wconf 87' lang='lat' dir='ltr'>et</span> <span class='ocrx_word' id='word_1_101' title='bbox 1223 1551 1290 1632; x_wconf 91' lang='lat' dir='ltr'>ejus</span> <span class='ocrx_word' id='word_1_102' title='bbox 1305 1551 1422 1632; x_wconf 83' lang='lat' dir='ltr'>obliga·</span> 
     </span>
     <span class='ocr_line' id='line_1_13' title="bbox 297 1645 1421 1728; baseline -0.001 -21"><span class='ocrx_word' id='word_1_103' title='bbox 297 1649 411 1708; x_wconf 80' lang='lat' dir='ltr'>tionem</span> <span class='ocrx_word' id='word_1_104' title='bbox 433 1645 605 1726; x_wconf 83' lang='lat' dir='ltr'>inlelligere</span> <span class='ocrx_word' id='word_1_105' title='bbox 625 1655 655 1706; x_wconf 80' lang='lat' dir='ltr'>et</span> <span class='ocrx_word' id='word_1_106' title='bbox 675 1647 909 1708; x_wconf 87' lang='lat' dir='ltr'>obervalurum.</span> <span class='ocrx_word' id='word_1_107' title='bbox 927 1647 977 1706; x_wconf 88' lang='lat' dir='ltr'>Sic</span> <span class='ocrx_word' id='word_1_108' title='bbox 997 1668 1046 1707; x_wconf 91' lang='lat' dir='ltr'>me</span> <span class='ocrx_word' id='word_1_109' title='bbox 1063 1648 1148 1706; x_wconf 90' lang='lat' dir='ltr'>Deus</span> <span class='ocrx_word' id='word_1_110' title='bbox 1168 1646 1296 1728; x_wconf 83' lang='lat' dir='ltr'>adjuvet</span> <span class='ocrx_word' id='word_1_111' title='bbox 1310 1655 1342 1706; x_wconf 86' lang='lat' dir='ltr'>et</span> <span class='ocrx_word' id='word_1_112' title='bbox 1355 1647 1421 1706; x_wconf 83' lang='lat' dir='ltr'>haec</span> 
     </span>
     <span class='ocr_line' id='line_1_14' title="bbox 296 1743 661 1822; baseline 0.003 -20"><span class='ocrx_word' id='word_1_113' title='bbox 296 1751 400 1804; x_wconf 79' lang='lat' dir='ltr'>sancta</span> <span class='ocrx_word' id='word_1_114' title='bbox 418 1743 474 1804; x_wconf 88' lang='lat' dir='ltr'>Dei</span> <span class='ocrx_word' id='word_1_115' title='bbox 491 1744 661 1822; x_wconf 81' lang='lat' dir='ltr'>evangelia.</span> 
     </span>
    </p>
   </div>
   <div class='ocr_carea' id='block_1_4' title="bbox 296 1919 1421 2048">
    <p class='ocr_par' dir='ltr' id='par_1_5' title="bbox 296 1919 1421 2048">
     <span class='ocr_line' id='line_1_15' title="bbox 327 1919 1421 1983; baseline 0 -15"><span class='ocrx_word' id='word_1_116' title='bbox 327 1919 436 1969; x_wconf 67' lang='lat' dir='ltr'>*Juxta</span> <span class='ocrx_word' id='word_1_117' title='bbox 458 1921 529 1969; x_wconf 88' lang='lat' dir='ltr'>hunc</span> <span class='ocrx_word' id='word_1_118' title='bbox 546 1922 661 1969; x_wconf 80' lang='lat' dir='ltr'>alterum</span> <span class='ocrx_word' id='word_1_119' title='bbox 679 1921 790 1970; x_wconf 90' lang='lat' dir='ltr'>modum</span> <span class='ocrx_word' id='word_1_120' title='bbox 804 1921 895 1983; x_wconf 78' lang='lat' dir='ltr'>jurare</span> <span class='ocrx_word' id='word_1_121' title='bbox 915 1919 1030 1980; x_wconf 77' lang='lat' dir='ltr'>debent,</span> <span class='ocrx_word' id='word_1_122' title='bbox 1050 1921 1095 1983; x_wconf 91' lang='lat' dir='ltr'>qui</span> <span class='ocrx_word' id='word_1_123' title='bbox 1117 1921 1237 1970; x_wconf 88' lang='lat' dir='ltr'>nondum</span> <span class='ocrx_word' id='word_1_124' title='bbox 1256 1921 1336 1970; x_wconf 84' lang='lat' dir='ltr'>alicui</span> <span class='ocrx_word' id='word_1_125' title='bbox 1356 1921 1421 1968; x_wconf 85' lang='lat' dir='ltr'>mis·</span> 
     </span>
     <span class='ocr_line' id='line_1_16' title="bbox 296 1999 607 2048; baseline 0.006 -2"><span class='ocrx_word' id='word_1_126' title='bbox 296 1999 365 2046; x_wconf 87' lang='lat' dir='ltr'>sioni</span> <span class='ocrx_word' id='word_1_127' title='bbox 380 1999 480 2048; x_wconf 83' lang='lat' dir='ltr'>eddicli</span> <span class='ocrx_word' id='word_1_128' title='bbox 497 1999 607 2048; x_wconf 81' lang='lat' dir='ltr'>luerint.</span> 
     </span>
    </p>
   </div>
   <div class='ocr_carea' id='block_1_5' title="bbox 0 0 1628 5052">
    <p class='ocr_par' dir='ltr' id='par_1_6' title="bbox 0 0 1628 5052">
     <span class='ocr_line' id='line_1_17' title="bbox 0 0 1628 5052; baseline 0 1"><span class='ocrx_word' id='word_1_129' title='bbox 0 0 1628 5052; x_wconf 95' lang='lat' dir='ltr'> </span> 
     </span>
    </p>
   </div>
  </div>
 </body>
</html>
