3248 5052
429 1076 1063 1204 DOCUMENTA

545 1733 907 1801 DOCUMENTUM
936 1734 950 1799 I

266 1885 455 1948 Constitutio
470 1885 647 1947 innocentii
662 1886 724 1947 XII
738 1885 776 1946 de
791 1887 948 1968 Episcopo
958 1886 1091 1968 proprio
1106 1885 1228 1948 ratione

623 1982 834 2044 ordinationis
846 1984 867 2042 ¹.

363 2243 567 2304 Innocentius
583 2244 748 2323 episcopus
764 2264 871 2303 servus
887 2264 1047 2303 servorum
1065 2244 1132 2303 Dei.

494 2340 542 2399 Ad
559 2348 739 2420 perpetuam
756 2340 800 2398 rei
816 2339 1006 2400 memoriam.

224 2485 442 2566 Speculatores
462 2485 573 2544 domus
595 2484 705 2558 lsrael,
723 2505 792 2566 quae
812 2491 860 2543 est
881 2493 986 2544 sancta
1003 2485 1060 2544 Dei
1081 2484 1235 2558 Ecclesia,
1254 2505 1309 2565 per

184 2581 371 2642 ineffabilem
388 2580 502 2640 divinae
524 2581 672 2641 bonitatis
692 2580 913 2640 abundantiam
934 2581 1113 2653 constituti,
1131 2602 1168 2640 eo
1182 2581 1308 2660 potissi-

184 2699 268 2738 mum
284 2677 322 2737 ab
337 2677 412 2758 ipsis
427 2677 627 2758 pontificatus
643 2677 748 2736 Nostri
769 2676 946 2758 primordiis
960 2676 1124 2758 pastoralis
1141 2677 1307 2756 vigilantia*

184 2773 306 2834 Nostrae
335 2773 438 2834 studia
467 2774 677 2834 convertenda
704 2794 770 2833 esse
796 2773 958 2847 duximus,
988 2782 1022 2833 ut
1050 2775 1103 2855 qui
1132 2775 1163 2833 in
1192 2781 1306 2834 sortem

184 2871 310 2929 Domini
325 2878 478 2930 vocantur
498 2871 654 2951 sacrisque
674 2869 862 2930 addicuntur
880 2870 1076 2943 ministeriis,
1094 2871 1209 2951 quippe
1229 2891 1308 2950 quos

183 2966 471 3048 irreprehensibiles
490 2988 556 3026 esse
576 2966 739 3040 convenit,
757 2973 792 3026 ut
806 2987 939 3046 praeesse
959 2967 1083 3026 valeant
1099 2967 1305 3046 corrigendiS,

182 3063 270 3123 acin
292 3083 371 3144 quos
392 3071 539 3144 tanquam
561 3063 592 3121 in
615 3063 775 3142 speculum
797 3063 909 3144 reliqui
929 3063 1037 3123 oculos
1059 3063 1248 3144 conjiciunt,
1270 3084 1307 3122 ex

182 3160 282 3240 iisque
310 3167 436 3219 sumunt
463 3159 546 3240 quod
574 3159 747 3234 imitantur,
776 3159 853 3218 tales
881 3159 959 3232 sint,
988 3160 1041 3241 qui
1067 3159 1160 3238 digne
1186 3159 1307 3238 possint

183 3255 340 3316 dominica
364 3262 556 3315 sacramenta
581 3263 730 3329 tractare,
756 3275 792 3316 ae
815 3255 970 3315 aedificent
993 3264 1123 3315 cunctos
1149 3263 1210 3315 tam
1235 3255 1306 3315 fidei

182 3353 327 3425 scientia,
344 3371 437 3433 quam
454 3372 583 3432 operum
599 3351 775 3430 disciplina.

222 3453 237 3528 ξ
254 3452 281 3508 1.
298 3451 378 3508 Sane
397 3447 457 3507 hoc
477 3448 555 3508 inito
575 3447 721 3520 consilio,
740 3469 802 3507 non
822 3447 914 3518 alios,
932 3455 1084 3529 quantum
1100 3447 1165 3508 fieri
1186 3455 1305 3528 potest,

182 3566 275 3627 quam
289 3545 342 3625 qui
358 3544 388 3604 in
402 3545 567 3604 sanctitate
581 3551 612 3604 el
620 3544 742 3624 justitia
758 3566 814 3625 per
826 3545 1074 3604 ordinatissimos
1089 3544 1306 3605 ecclesiasticas

183 3643 302 3702 militiae
321 3640 445 3720 gradus,
458 3641 546 3700 statis
562 3640 1000 3714 intervallis,ambulaverint,
1013 3661 1048 3700 ac
1064 3641 1113 3721 pie
1129 3649 1160 3700 et
1175 3641 1308 3700 fideliter

183 3739 214 3798 in
243 3738 422 3798 ministeriis
451 3737 602 3797 anteactis
628 3758 660 3796 se
684 3737 852 3816 gesserint,
879 3737 917 3796 ad
943 3737 1150 3796 sacerdotium
1175 3737 1304 3810 assumi,

184 3855 348 3915 sacrasque
364 3833 576 3894 ordinationes
592 3834 683 3915 juxta
699 3833 835 3913 priscum
852 3833 998 3893 Ecclesiae
1016 3854 1149 3907 morem,
1167 3833 1306 3913 praescri-

183 3933 245 4013 ptis
267 3953 284 3991 a
302 3931 374 4012 jure
396 3930 605 4010 temporibus,
627 3929 759 3990 orationi
781 3937 813 3988 ct
830 3929 952 4010 jejunio
973 3931 1177 4003 consecratis,
1200 3929 1306 3990 haberi

183 4029 360 4108 cupientes,
382 4027 568 4086 severiorem
589 4026 754 4107 quamdam
777 4025 808 4084 in
833 4025 1039 4085 concedendis
1059 4026 1188 4086 indultis
1209 4027 1306 4087 susci-

185 4123 289 4206 piendi
305 4143 409 4183 saeros
424 4123 547 4183 ordines
562 4129 650 4182 extra
665 4130 805 4202 tempora
820 4122 1016 4203 hujusmodi,
1034 4131 1064 4182 et
1080 4123 1253 4183 interstitiis
1268 4123 1306 4184 ad

217 4300 313 4349 ¹Butt.
330 4299 414 4358 Rom„
431 4301 472 4348 ed.
490 4299 675 4362 Coequelines,
690 4304 710 4347 t.
730 4315 764 4358 in,
780 4315 806 4361 p.
820 4303 875 4348 3'tl.
