3246 5052
270 519 313 566 1)Ε
332 517 462 567 RlTlBUS
481 516 735 568 ESSEh'TthlBUS
755 518 1010 568 ORDlNATlthUbl
1030 517 1188 570 liliosum
1241 516 1291 568 tlt-i

170 685 185 718 a
208 659 259 725 lta
280 667 393 724 tamen
419 667 458 725 ut
485 660 542 747 qui
564 660 606 724 ad
635 659 770 724 ordines
790 668 862 726 tam
887 683 1001 725 sacros
1026 684 1129 748 quam
1149 684 1216 725 non
1238 685 1292 726 sa-

168 777 264 836 oros¹
285 773 328 838 ab
343 773 409 838 alio
425 797 527 860 quam
543 775 703 860 episcopo
723 779 781 838 aut
801 769 1053 861 archiepiscopo
1076 775 1139 838 rite
1158 784 1190 838 et
1207 784 1292 838 recte

169 888 325 951 ordinato
345 887 492 975 promoti
512 887 665 961 fuerunt,
688 889 819 952 eosdem
839 889 974 952 ordines
992 890 1035 952 ab
1055 911 1173 952 eorum
1194 889 1292 952 Ordi-

170 1003 265 1065 nario
288 1003 327 1065 de
348 1024 431 1066 novo
450 1003 617 1087 suscipere
638 1011 836 1084 teneantur;
864 1025 926 1066 nee
951 1002 1085 1066 interim
1111 1003 1144 1066 in
1164 1003 1291 1067 eisdem

169 1114 345 1180 ordinibus
368 1116 579 1195 ministrent;
605 1145 619 1176 a
646 1117 675 1180 si
699 1139 778 1204 ergo
798 1115 912 1182 taliter
931 1115 1076 1181 ordinati
1101 1118 1235 1180 ordines
1254 1118 1294 1180 de

171 1251 253 1293 nouo
273 1231 441 1314 suscipere
466 1239 661 1312 teneantur,
686 1230 824 1316 signum
849 1230 979 1295 clarum
1004 1239 1056 1294 est
1081 1251 1140 1294 eos
1160 1230 1294 1295 ordina·

170 1351 224 1408 tos
244 1343 347 1408 luisse
376 1345 527 1426 nulliter,
550 1351 583 1408 et
610 1345 749 1431 proinde
779 1345 988 1431 episcopum,
1011 1345 1069 1431 qui
1098 1343 1176 1408 illos
1205 1344 1296 1408 ordi-

171 1459 277 1539 navit,
299 1481 365 1522 non
384 1459 491 1544 fuisse
511 1459 726 1543 episcopum,·
742 1459 840 1546 porro
861 1458 1043 1546 quaesitum
1063 1465 1115 1522 est
1135 1482 1153 1522 a
1176 1457 1293 1538 Paulo,

171 1572 309 1660 quinam
329 1579 445 1637 essent
464 1571 499 1634 hi
513 1572 663 1660 episcopi
685 1573 748 1635 rite
768 1581 902 1636 streete
922 1572 1079 1652 ordinati,
1102 1579 1136 1636 et
1155 1572 1296 1658 proinde

171 1687 273 1751 etiam
295 1687 433 1773 quinam
449 1694 565 1751 essent
580 1685 730 1773 episcopi
749 1709 815 1750 non
837 1687 900 1750 rite
914 1693 946 1749 et
960 1694 1046 1750 recte
1061 1686 1221 1767 ordinati,
1239 1686 1296 1773 qui

172 1800 296 1865 idcirco
312 1800 448 1865 ordines
469 1801 611 1864 nulliter
626 1800 868 1880 contulissent;
892 1799 1067 1888 respondit
1082 1807 1196 1865 autem
1213 1800 1299 1864 Pau-

171 1914 237 1990 lus
260 1915 318 1980 cit.
341 1914 461 1980 brevi:
490 1941 505 1974 a
530 1914 598 1978 Eos
618 1921 752 1978 tantum
773 1914 950 2002 episcopos
975 1921 1008 1978 et
1028 1914 1299 2000 archiepiscopos

174 2031 235 2114 qui
256 2050 323 2092 non
348 2029 383 2092 in
402 2033 517 2114 forma
539 2029 694 2092 Ecclesiae
714 2029 863 2092 ordinati
882 2039 913 2092 et
938 2029 1121 2092 consecrati
1140 2033 1296 2113 fuerunt,

174 2141 236 2206 rite
256 2133 289 2206 et
310 2149 401 2206 recte
422 2141 596 2207 ordinatos
616 2142 683 2206 dici
707 2165 775 2206 non
794 2164 912 2229 posse,
935 2149 969 2206 et
988 2149 1166 2229 propterea
1185 2165 1300 2229 perso-

175 2279 249 2336 nas,
271 2255 314 2321 ab
334 2257 383 2320 eis
402 2255 446 2320 ad
467 2256 604 2320 ordines
631 2257 724 2342 ipsos
744 2263 928 2342 promotas,
951 2256 1087 2320 ordines
1113 2278 1182 2319 non
1208 2279 1300 2319 rece-

174 2370 322 2457 pisse...;
348 2398 363 2428 a
385 2369 510 2457 quibus
523 2371 642 2457 procul
659 2369 760 2434 dubio
776 2368 902 2449 verbis,
921 2371 1038 2433 nonin
1055 2365 1170 2454 forma
1191 2370 1302 2433 Eccle-

174 2485 241 2566 siae,
264 2491 403 2548 notatur
424 2484 633 2548 consecratio
654 2483 854 2571 episcopalis
863 2486 971 2569 juxta
988 2485 1092 2548 ritum
1110 2483 1303 2547 Eduardia-

176 2621 277 2681 nunt,
300 2621 339 2662 eo
366 2599 476 2684 magis
497 2597 588 2685 quod
613 2597 728 2662 statim
749 2597 843 2662 addit
872 2597 1000 2661 Paulus
1029 2597 1222 2685 episcopos,
1245 2597 1301 2684 qui

176 2712 339 2798 sacrilege
372 2711 510 2799 quidem
546 2713 681 2799 (utpote
711 2711 876 2790 haeretici,
905 2712 960 2774 vel
994 2709 1216 2786 schismatici,
1248 2711 1301 2774 vel

176 2825 388 2912 simoniaci),
416 2827 476 2889 sed
501 2827 534 2888 in
559 2831 674 2910 forma
695 2825 850 2888 Ecclesiae
875 2825 1063 2889 consecrati
1088 2833 1184 2903 sunt,
1212 2823 1302 2886 ordi-

176 2962 237 3004 nes
257 2939 369 3004 valide
390 2939 587 3004 contulisse.
615 2979 659 2987 -
683 2939 780 3004 Unde
801 2939 986 3003 clarissime
1007 2939 1191 3003 declaravit
1213 2939 1302 3002 Pau-

176 3054 229 3118 lus
245 3053 535 3118 consecrationem
549 3054 788 3141 episcopalem,
805 3054 873 3117 ritu
887 3052 1101 3118 Eduardiano
1116 3059 1300 3140 peractam,

177 3190 252 3232 esse
278 3191 417 3256 prorsus
444 3168 590 3247 nullam;
614 3191 681 3231 non
707 3168 777 3253 egit
803 3173 917 3231 autem
944 3166 984 3230 de
1011 3165 1250 3254 presbyteratu
1270 3172 1302 3230 et

177 3281 357 3347 diaconatu
374 3282 587 3346 Eduardiano
607 3282 674 3346 ritu
690 3281 840 3361 collatis,
859 3280 937 3366 quia
954 3280 995 3344 de
1010 3281 1129 3345 horum
1146 3279 1303 3345 nullitate

177 3421 245 3463 non
266 3400 424 3487 amplius,
447 3405 524 3486 post
545 3399 708 3486 rescripta
727 3398 808 3463 Julii
825 3405 859 3462 et
879 3397 968 3461 card.
993 3397 1080 3466 Poli.
1103 3395 1304 3462 movebatur

178 3512 394 3578 difficultas².

210 3709 217 3742 ¹
237 3709 308 3756 Nota
323 3709 477 3757 cautissime
493 3709 536 3756 hic
551 3709 593 3769 agi
608 3708 641 3754 de
657 3707 798 3756 ordinibus
814 3709 894 3755 etism
912 3707 966 3754 ritu
983 3706 1115 3754 catholico
1129 3709 1155 3754 et
1172 3705 1199 3754 in
1214 3704 1304 3766 forma

176 3786 305 3836 Ecclesiae
319 3787 439 3843 collatis,
456 3801 509 3834 non
526 3801 589 3834 vero
606 3787 640 3833 de
655 3785 796 3833 ordinibus
812 3785 867 3833 ritu
884 3783 1060 3833 Eduardinno
1079 3785 1199 3834 collatis:
1216 3785 1305 3846 agitur

177 3867 249 3914 enim
264 3867 297 3913 de
313 3865 454 3913 ordinibus
467 3866 522 3912 tam
535 3862 621 3913 sacris
636 3878 719 3928 quam
735 3879 788 3912 non
802 3863 903 3920 samis,-
917 3878 998 3925 porro
1014 3861 1144 3911 Ordinale
1159 3863 1304 3910 Eduardia-

178 3959 242 3992 num
263 3959 315 3992 non
336 3943 418 3992 habet
433 3944 541 3992 ordines
557 3958 610 3991 non
624 3957 730 3995 aaaron
745 3943 812 3996 imo,
828 3943 898 3990 inter
913 3957 1016 3998 sacros,
1031 3956 1084 3988 non
1100 3941 1182 3989 habet
1195 3941 1304 3989 subdia-

176 4027 313 4072 conatum.

209 4101 220 4135 ²
235 4101 370 4158 Ceterum,
385 4103 406 4148 si
423 4101 495 4148 nulla
511 4105 552 4148 est
567 4100 736 4147 consecratio
751 4099 913 4161 episcopalis
927 4099 979 4147 ritu
998 4099 1166 4146 Eduardiuuo
1185 4104 1302 4160 peracta,

177 4195 210 4228 eo
224 4179 282 4242 ipso
298 4195 359 4228 mox
375 4180 475 4228 deiecit
491 4181 516 4226 in
526 4179 623 4240 Anglia
637 4179 773 4226 successio
788 4178 978 4239 episcoporum
990 4179 1060 4238 (cum
1076 4193 1108 4225 cx
1124 4182 1150 4224 27
1168 4177 1303 4240 episcopis

178 4257 320 4306 catholicis
343 4259 389 4320 qui
414 4259 491 4306 sedes
515 4257 684 4319 episcopales
709 4255 839 4304 tenebant
862 4257 888 4303 in
914 4256 1025 4317 cinglio.
1051 4260 1179 4316 regnante
1204 4256 1302 4313 Maria,

177 4343 334 4394 1553-1558,
355 4339 509 4400 quindecim
530 4337 629 4384 mortui
652 4339 715 4383 sunt
737 4335 814 4381 annis
840 4339 915 4381 inss-
928 4342 998 4388 ifritu
1019 4336 1112 4382 decem
1133 4336 1209 4383 initio
1229 4338 1303 4396 regni

271 4451 352 4485 ssent
365 4450 483 4484 onntsar.
1128 4433 1160 4482 33
