3248 5052
332 429 383 480 384
668 431 712 482 DE
731 431 861 482 uiribus
880 433 1116 484 onotxarloxis

331 575 421 638 enim
441 583 512 637 crat
531 595 652 638 sensus
672 574 829 640 vocabuli
853 576 1051 642 Nocturnus
1075 576 1210 664 quando
1230 577 1355 664 scripta
1376 585 1463 639 sunt

331 687 431 752 citata
460 687 562 752 verba
589 687 623 751 in
643 689 836 773 Pontificali
854 691 1026 772 Romano,
1053 691 1145 779 quod
1168 691 1389 755 contirmatur
1419 713 1461 752 ex

331 802 365 866 S.
388 803 457 868 itit.
481 801 605 888 Congr.
626 825 802 891 responso,
819 803 887 868 dici
909 803 949 870 10
964 805 1042 892 julii
1063 805 1160 885 1903,
1178 805 1213 868 in
1233 827 1311 892 quo,
1330 804 1374 869 ad
1395 803 1463 867 hoc

330 918 509 1004 quaesitum
534 937 540 982 :
564 945 579 976 «ι
603 917 725 984 L'trum
751 917 793 982 ad
819 918 908 984 hunc
935 920 1147 985 Nocturnum
1174 920 1276 983 etiam
1302 919 1463 1006 psalmus

336 1031 450 1096 Venite
469 1033 675 1112 eoeultcmua,
698 1032 847 1118 hymnus
866 1041 900 1098 et
918 1033 1082 1098 lectiones
1102 1033 1265 1098 addendae
1289 1034 1375 1108 sint,
1403 1033 1462 1097 vel

329 1147 443 1233 potius
477 1146 646 1211 subiciant
678 1147 801 1234 psalmi
839 1171 915 1213 cum
952 1149 1150 1236 respectivis
1185 1147 1381 1234 antiphonis
1418 1147 1462 1211 ad

329 1260 430 1324 talem
453 1269 656 1324 nocturnum
678 1269 888 1349 spectanteS,
914 1289 929 1322 >r
950 1263 1148 1350 rescripsit:
1174 1289 1189 1318 «
1212 1262 1391 1346 Nepatirc,
1417 1259 1463 1324 ad

328 1375 470 1462 primam
492 1381 642 1461 partem3
664 1375 897 1460 Affirmatioc,
919 1377 962 1440 ad
981 1377 1163 1440 secundam
1177 1381 1198 1442 ¹.
1225 1403 1240 1435 o

372 1489 408 1552 2⁰
428 1487 484 1552 Ad
502 1487 721 1575 presbyteros
740 1497 853 1554 autem
878 1491 924 1554 ait
950 1491 1156 1578 episcopus:
1186 1519 1200 1548 u
1286 1489 1369 1552 Post
1387 1489 1462 1575 pri-

328 1625 417 1666 mam
430 1611 577 1666 vestram
597 1604 749 1682 missam,
763 1611 832 1668 tres
852 1604 935 1670 alias
950 1605 1084 1684 missas,
1102 1603 1272 1678 videlicet,
1290 1625 1393 1667 unam
1417 1603 1462 1666 de

327 1717 456 1802 Spiritu
476 1716 612 1798 Sancto,
630 1717 730 1782 aliam
752 1717 792 1782 dc
813 1719 851 1782 B.
870 1718 977 1782 Maria
997 1741 1131 1805 semper
1150 1718 1301 1804 Virgine,
1320 1717 1460 1780 tertiam

327 1853 387 1918 pro
408 1830 564 1894 tidelibus
578 1831 746 1896 defunctis
766 1831 879 1912 dicite,
898 1839 931 1895 et
943 1833 1211 1920 omnipotentem
1223 1831 1333 1896 Deum
1351 1831 1459 1895 etiam

327 1967 387 2030 pro
408 1967 461 2008 me
482 1951 588 2010 orate.
604 1975 620 2006 n
644 1947 704 2010 11ae
725 1946 836 2010 misser
852 1947 918 2010 dici
938 1953 1145 2033 nequeunte
1165 1942 1461 2031 neo-presbyteris

327 2058 393 2123 nisi
413 2060 532 2123 diebus
560 2083 579 2123 a
610 2061 747 2124 rubrica
767 2061 959 2146 prrmiasia,
982 2059 1073 2147 quod
1099 2081 1158 2147 per
1185 2083 1220 2122 se
1241 2064 1352 2146 patet;
1375 2079 1459 2120 nam
1540 2043 1542 2047 ⁸

329 2173 423 2257 leges
443 2195 520 2236 cum
540 2172 675 2260 legibus
694 2174 900 2239 concordent
923 2197 1062 2238 necesse
1081 2181 1150 2254 est,
1173 2179 1206 2238 et
1232 2173 1279 2237 ita
1298 2193 1459 2259 expresse

328 2287 503 2374 respondit
533 2287 567 2353 S.
597 2289 667 2354 llit.
691 2287 832 2374 Congu,
862 2289 896 2352 in
924 2289 1167 2370 Remitterem,
1192 2290 1229 2350 11
1259 2309 1331 2374 apr.
1356 2284 1456 2366 1840,

329 2401 372 2464 ad
392 2401 447 2466 4².
475 2441 518 2450 -
543 2401 703 2466 Ceterum
728 2387 795 2466 non
820 2403 1000 2487 applicatio
1024 2401 1137 2466 missae
1162 2401 1371 2489 praecipitur,
1396 2401 1460 2464 sed

328 2521 464 2579 tantum
484 2517 663 2580 celebratio
679 2523 712 2580 et
728 2518 895 2602 qualitar,·
910 2539 987 2581 cum
1008 2516 1097 2580 enim
1113 2516 1375 2603 applicationem
1394 2537 1460 2578 nec

330 2629 488 2716 explicite
508 2653 570 2694 nco
589 2630 752 2718 implicite
773 2630 942 2717 significet
962 2631 1157 2718 episcopus,
1179 2652 1248 2693 non
1268 2628 1460 2693 censendus

331 2751 383 2809 cst
411 2743 474 2807 hoc
502 2767 587 2808 onus
615 2742 824 2833 presbyteris
852 2744 1072 2831 imposuisse,
1102 2767 1141 2808 eo
1169 2743 1277 2829 magis
1304 2743 1395 2830 quod
1424 2743 1460 2806 in

332 2857 486 2921 obscuris
514 2859 689 2922 minimum
711 2865 763 2922 est
783 2857 980 2923 tenendum.

378 2972 411 3036 3⁰
431 2972 532 3036 Juxta
549 2995 763 3036 communem
783 2971 961 3036 doctorum
977 2972 1183 3058 opinionem,
1206 2972 1276 3035 haec
1297 2969 1463 3057 obligatio

334 3109 434 3173 quam
460 3087 639 3173 episcopus
670 3085 814 3173 imponit
838 3085 1063 3173 presbyteriS,
1091 3085 1253 3164 diaconis,
1283 3093 1362 3163 etc,
1395 3107 1462 3148 nori

334 3208 381 3263 eal
401 3201 537 3284 previa,
557 3199 682 3264 locutio
703 3200 794 3262 enim
818 3222 919 3287 quam
939 3197 1092 3278 adhibet,
1114 3220 1181 3261 non
1207 3205 1304 3262 sonat
1329 3197 1465 3282 obliga·

334 3313 461 3376 tionem
483 3335 633 3397 gravem,
652 3337 713 3378 nec
733 3313 796 3378 hoc
817 3312 997 3377 mitissimo
1014 3317 1047 3375 et
1062 3311 1158 3398 quasi
1176 3311 1346 3375 hortativo
1362 3310 1465 3375 modo

335 3427 385 3492 uti
406 3429 750 3515 solent-legislatores
770 3427 1003 3508 ecclesiastici,
1022 3425 1157 3514 quando
1177 3425 1358 3489 intendunt
1378 3424 1465 3488 obli-

336 3565 415 3629 gare
436 3542 590 3606 subditos
609 3541 672 3608 sub
692 3544 815 3628 gravii

370 3705 378 3738 ¹
398 3708 463 3753 ⁴tcta
475 3707 499 3750 S.
514 3706 597 3756 Sedis.
610 3710 630 3754 t.
642 3721 720 3754 xxxv.
733 3721 758 3767 p.
773 3707 884 3760 ris-rto,
898 3705 939 3750 vcl
952 3701 1105 3758 Carioni-rte,
1117 3705 1137 3750 t.
1149 3717 1221 3758 xxvi,
1233 3717 1275 3750 an.
1289 3705 1357 3759 190³,
1370 3717 1397 3764 p.
1409 3707 1466 3749 605.

371 3787 381 3817 ²
399 3785 509 3832 Decreta
526 3785 611 3842 autb„
629 3801 654 3832 n.
672 3791 744 3841 2⁸02,
762 3787 780 3830 t.
798 3799 828 3839 n,
846 3799 871 3844 p.
889 3788 942 3830 290.

371 3867 381 3896 ³³
400 3865 439 3912 lta
456 3865 535 3912 ctiam
552 3863 578 3911 S.
595 3864 764 3924 Atplmnsus,
782 3861 827 3909 lib.
841 3859 890 3918 xl,
907 3875 933 3908 n.
951 3866 1003 3908 ⁸20.

742 4069 1057 4078 —-—-·--.----·
