3294 5054
489 490 533 539 DE
552 489 781 550 ounlnnrlouu
800 491 1017 542 REGULARIUM
1263 490 1316 544 407

236 633 272 698 3⁰
298 631 333 698 Si
357 633 538 719 Regularis
561 633 812 721 promovendus
841 635 886 698 sit
912 634 956 699 ad
981 634 1135 701 ordinem
1162 659 1313 720 sacrum,

191 747 326 812 annecti
352 746 476 812 debent
498 748 735 813 attestationes
761 748 803 812 de
827 755 963 836 peracto
989 749 1167 836 theologiae
1187 752 1312 818 studio.

235 861 281 926 N.
303 862 343 925 B.
357 900 402 910 -
421 861 503 926 Haec
518 861 608 926 dicta
627 862 696 926 sint
715 862 758 927 ad
776 885 932 926 normam
947 863 1035 950 juris
1055 865 1262 944 communis;
1285 867 1314 930 si

191 973 281 1040 Ordo
302 974 425 1041 babeat
442 975 632 1062 privilegia,
654 981 787 1064 oportet
806 985 844 1041 ut
862 985 943 1041 nota
963 977 1032 1042 sint
1050 978 1221 1066 episcopo.

421 1254 439 1326 ἓ
459 1255 492 1312 3.
511 1255 564 1312 De
584 1253 822 1311 ordinatione
842 1254 1081 1311 novitiorum.

236 1441 330 1509 175.
345 1479 391 1490 —
409 1441 507 1516 Quis
526 1439 711 1508 ordinere
730 1443 857 1528 possit
875 1443 1063 1509 novitios.

236 1558 269 1618 l⁰
300 1555 454 1620 Novitios
479 1555 669 1640 promoveri
693 1578 793 1642 posse
819 1555 862 1620 ad
888 1555 1024 1620 ordines
1055 1557 1157 1620 etiam
1184 1578 1312 1636 sacros,

189 1667 367 1733 indubium
390 1678 459 1752 est;
481 1669 630 1759 qualitas
654 1669 745 1732 enim
769 1669 885 1732 novitii
910 1692 978 1734 non
1008 1676 1060 1734 est
1083 1668 1316 1752 irregularitas

189 1791 248 1848 aut
267 1783 560 1870 impedimentum.

233 1897 270 1960 2⁰
289 1896 448 1984 Superior
472 1896 669 1963 monasterii
693 1897 814 1983 inquo
839 1896 932 1983 degit
955 1896 1105 1961 novitius
1128 1895 1223 1960 nullo
1238 1895 1316 1983 jure

189 2010 319 2097 potitur
343 2013 374 2076 ei
397 2011 603 2078 concedendi
623 2009 847 2090 dimissorias,
871 2010 974 2074 etiam
998 2011 1041 2075 ad
1060 2018 1236 2076 tonsuram
1256 2016 1317 2074 aut

188 2124 325 2189 ordines
358 2126 519 2192 minores
554 2125 642 2189 Nam
675 2124 849 2188 decretum
886 2124 1140 2189 Clementinum
1173 2127 1314 2212 (supra,

188 2261 223 2303 n.
248 2239 364 2328 158),
387 2240 478 2326 quod
503 2239 655 2304 continet
676 2237 734 2324 jus
754 2261 934 2302 commune
959 2238 1046 2304 circa
1067 2238 1314 2303 ordinationem

189 2352 428 2438 Regularium‚
461 2352 593 2418 confert
623 2351 759 2439 quidem
791 2351 955 2440 superiori
987 2352 1186 2432 monasterii
1220 2360 1315 2440 pote-

189 2472 313 2532 statem
333 2466 541 2532 ooncedendi
556 2465 765 2530 dimissorias
784 2465 828 2530 ad
847 2465 999 2548 ordineS,
1021 2466 1097 2548 sed,
1116 2467 1168 2531 uti
1189 2466 1316 2532 diserte

189 2580 359 2667 exprimit,
381 2603 442 2646 suo
456 2581 593 2645 subdito
614 2580 730 2644 itidem
746 2579 898 2664 reputari
906 2597 920 2661 ,·
938 2580 1033 2668 atqui
1048 2580 1198 2645 novitius
1218 2579 1318 2644 nullo

189 2694 290 2758 modo
309 2693 375 2759 dici
395 2701 508 2782 potest
526 2695 685 2759 subditus
705 2694 886 2778 reputaris.
908 2693 1005 2759 Unde
1021 2695 1136 2775 etiam,
1154 2701 1193 2759 ut
1212 2716 1314 2782 supra

187 2807 237 2896 (n.
268 2810 340 2893 52,
367 2808 417 2897 2⁰)
444 2808 573 2872 dictum
593 2814 660 2888 est,
683 2807 717 2873 S.
745 2805 974 2894 Congregatio
996 2806 1140 2872 Concilii
1163 2807 1315 2872 decrevit

188 2921 346 2987 abbatem
375 2922 565 3008 regularem
595 2945 664 2986 non
696 2945 796 3010 posse
826 2921 978 2986 conferre
1006 2922 1141 2987 ordines
1165 2923 1315 2986 minores

187 3037 312 3118 oblato,
335 3037 415 3123 quia
434 3059 556 3123 nempe
580 3036 635 3100 bic
655 3035 721 3100 diei
740 3035 859 3124 nequit
883 3035 1042 3100 subditus
1061 3036 1237 3122 regularis.

232 3151 267 3216 3⁰
282 3149 369 3216 Cum
390 3150 563 3215 decretum
583 3148 848 3228 Clementinum,
872 3173 914 3214 ex
934 3150 1050 3214 statim
1071 3149 1182 3229 dictis,
1205 3150 1313 3238 appli-

186 3265 254 3328 cari
284 3271 430 3352 nequeat
462 3263 667 3329 ordinationi
693 3263 832 3342 novitii,
858 3263 913 3327 hio
941 3263 1133 3328 necessario
1155 3262 1312 3328 subditur

182 3379 252 3466 juri
278 3379 449 3443 communi
473 3377 585 3467 quoad
611 3377 858 3442 ordinationem
881 3377 1116 3460 secularium
1140 3377 1232 3465 quod
1253 3379 1310 3467 jus

185 3495 390 3574 continetur,
408 3492 521 3580 quoad
540 3493 736 3579 episcopum
752 3491 977 3572 ordinantem,
996 3491 1030 3555 in
1046 3491 1140 3556 bulla
1152 3491 1311 3577 Specula-

186 3618 285 3673 tores.
314 3607 364 3672 Ex
389 3607 450 3671 hac
478 3613 594 3672 autem
617 3604 711 3670 bulla
734 3605 806 3670 haec
825 3613 1040 3694 sequuntur:
1065 3609 1096 3671 l.
1120 3606 1309 3694 Episcopus

184 3721 405 3802 monasterii,¹
423 3721 457 3785 in
477 3745 544 3808 quo
569 3719 663 3808 degit
685 3719 852 3802 novitiuS,
880 3743 947 3784 non
972 3727 1086 3806 potest
1111 3721 1200 3786 hunc
1220 3721 1310 3786 ordi-

184 3859 264 3902 nare
294 3835 424 3900 ratione
450 3835 631 3916 domicilii,
659 3857 736 3898 cum
769 3835 832 3898 hoc
860 3833 981 3899 novitii
1006 3834 1214 3898 domicilium
1238 3858 1307 3899 non

183 3950 307 4016 habeat
332 3972 394 4014 nec
420 3947 543 4014 habere
570 3949 679 4037 possit
705 3949 887 4036 qualitates
907 3948 941 4012 in
966 3948 1031 4012 ista
1052 3948 1146 4012 bulla
1164 3949 1307 4036 requisi-

183 4071 251 4143 tas3
276 4064 366 4128 unde
395 4063 429 4127 in
457 4063 519 4127 hoc
548 4063 813 4150 derelinquenda
837 4069 889 4127 est
916 4063 1029 4150 opinio
1050 4064 1305 4150 quorumdam¹,

215 4227 224 4260 ¹
240 4225 273 4273 V.
287 4241 321 4287 g..
336 4225 431 4286 Engel,
448 4225 474 4272 in
490 4225 531 4273 tlt.
548 4225 586 4273 De
602 4223 768 4288 temporibus
783 4224 883 4282 ordin„
898 4241 922 4274 n.
935 4229 977 4286 ³t;
995 4254 1022 4262 -
1039 4225 1165 4283 Ferraria,
1178 4233 1207 4271 νῦ
1223 4225 1292 4274 Novi

182 4303 251 4362 tius,
268 4317 293 4351 n.
310 4309 350 4351 95.
