3294 5054
339 415 392 468 ue
609 420 652 470 ns
672 419 810 472 morsus
825 397 944 472 'sicas
963 421 1199 474 onnmlnoms

339 563 476 642 emissa,
498 562 622 648 poterit
641 585 774 628 sacrum
799 563 952 628 ordinem
979 565 1141 652 recipere,
1170 566 1217 632 ita
1243 569 1401 654 expresse
1427 569 1461 632 in

338 675 473 740 decreto
502 677 635 759 Auctis,
661 681 677 761 5
701 677 753 743 2¹.
780 716 823 726 -
853 677 890 742 In
918 679 1105 766 posteriore
1134 702 1230 760 casu,
1262 703 1400 767 nempe,
1433 683 1463 745 si

337 798 458 876 agatur
483 789 524 854 de
538 791 720 872 instituto,
743 793 777 856 in
802 814 868 879 quo
893 799 1054 879 perpetua
1083 793 1248 880 professio
1274 796 1464 860 remittitur

340 905 431 969 ultra
448 905 645 987 triennium,
660 883 816 970 subditus
836 905 961 970 dimitti
980 907 1098 994 nequit
1117 907 1160 972 ad
1178 907 1462 974 subdiaconatum

337 1017 403 1082 nisi
422 1025 500 1104 post
519 1026 586 1084 tres
605 1041 710 1082 annos
734 1027 889 1082 votorum
906 1026 1216 1104 temporaneorum,
1239 1019 1381 1085 sublatis
1401 1045 1463 1109 pa-

336 1132 418 1197 riter
441 1131 583 1196 indultis
607 1137 666 1196 aut
685 1131 873 1220 privilegiis
897 1133 1091 1212 contrariis;
1118 1135 1188 1220 peti
1212 1142 1326 1199 tamen
1346 1143 1461 1222 potest

336 1244 545 1332 dispensatio
565 1267 583 1310 a
603 1245 690 1311 Sede
710 1246 896 1334 apostolica
916 1253 1052 1311 utente
1077 1247 1260 1313 triennium
1280 1248 1461 1335 recipiatur

337 1357 612 1440 subdiaconatus,
635 1360 664 1424 si
682 1361 797 1447 gravis
817 1365 970 1424 occurrat
985 1382 1097 1426 causa.

381 1473 417 1536 20
436 1471 556 1553 Quoad
575 1474 729 1538 studium
749 1473 940 1558 theolopiae,
963 1481 1001 1538 ut
1021 1473 1177 1540 subditus
1201 1475 1326 1540 dimitti
1350 1475 1459 1562 possit

336 1586 379 1651 ad
407 1609 521 1651 sacros
549 1586 701 1668 ordines,
724 1587 906 1674 requiritur
923 1595 962 1652 ut
985 1609 1088 1652 sacrae
1116 1587 1296 1674 theologiae
1322 1610 1458 1676 operam

336 1698 467 1764 dederit
486 1722 687 1787 perunum,
709 1699 764 1764 vel
784 1701 888 1779 duos,
911 1707 969 1764 aut
989 1707 1058 1765 tres
1078 1723 1202 1781 annos,
1223 1709 1325 1788 prout
1348 1702 1459 1788 agitur

336 1813 377 1878 de
401 1811 662 1894 subdiaconatu,
690 1813 746 1878 vel
774 1813 955 1879 diaconatu
983 1821 1042 1878 aut
1067 1813 1320 1901 presbyteratu,
1355 1823 1388 1880 et
1416 1815 1457 1880 de

335 1927 398 1992 hoc
423 1927 534 1993 studio
559 1926 780 1993 exhibeantur
804 1928 961 2016 episcopo
986 1927 1108 1992 littere
1127 1929 1384 1994 testimoniales.
1407 1929 1457 1994 lta

335 2063 376 2106 ex
402 2040 537 2134 decreto
561 2041 699 2124 Auctis,
725 2045 740 2125 ᾗ
766 2043 802 2122 6,
828 2041 902 2106 loco
927 2064 1029 2128 supra
1054 2041 1105 2128 (n.
1135 2042 1234 2130 164)
1258 2043 1377 2122 citat0,
1399 2043 1456 2131 qui

335 2155 473 2242 respicit
498 2153 669 2242 professos
695 2161 853 2220 votorum
881 2154 1102 2242 simplicium,
1126 2156 1213 2220 sieut
1240 2156 1453 2252 solemnium.

381 2397 475 2466 181.
495 2435 540 2488 ,-
558 2397 683 2467 Gneus
707 2396 889 2485 specialis
908 2397 957 2466 de
981 2397 1154 2466 alumnis
1177 2399 1220 2466 in
1243 2399 1456 2466 seminario

334 2510 600 2581 studentibus.
624 2550 668 2560 —
692 2511 768 2576 Non
788 2534 862 2576 raro
887 2511 1054 2599 contingit
1077 2519 1115 2576 ut
1134 2511 1262 2577 alumni
1281 2512 1456 2577 instituto-

334 2649 409 2690 rum
428 2632 586 2690 votorum
615 2625 836 2712 simplicium,
863 2633 1000 2712 peracto
1029 2625 1213 2707 novitiatu,
1236 2648 1304 2690 non
1328 2625 1456 2691 adscri-

333 2739 458 2804 bantur
476 2738 538 2804 ulli
553 2738 827 2827 congregationis
846 2746 904 2803 aut
923 2738 1073 2804 instituti
1087 2738 1216 2820 domui,
1238 2740 1299 2805 sed
1318 2741 1455 2804 mittan-

333 2854 441 2918 turin
462 2853 598 2942 aliquod
613 2853 832 2924 seminarium
852 2859 890 2916 ut
910 2852 1033 2918 studiis
1053 2853 1136 2918 dent
1154 2875 1309 2941 operam;
1331 2852 1455 2942 quibus

333 2968 455 3034 studiis
482 2967 658 3055 perlectiS,
690 2975 771 3032 tunc
800 2967 937 3032 demum
965 2966 1201 3033 adscribantur
1235 2967 1335 3032 alicui
1363 2975 1454 3032 certo

332 3081 481 3147 instituti
514 3082 719 3147 monasterio
753 3105 812 3146 seu
845 3081 972 3146 domui.
1009 3079 1108 3159 Quod
1140 3105 1256 3146 revera
1289 3082 1455 3168 contingit

333 3195 476 3282 singulis
496 3196 595 3261 annis
615 3195 647 3260 in
669 3195 795 3282 majore
815 3195 996 3259 seminario
1018 3195 1216 3276 Parisiensi‚
1239 3195 1273 3260 in
1298 3219 1364 3284 quo
1384 3203 1453 3260 stu·

332 3309 464 3373 diorum
483 3331 596 3388 causa,
619 3307 741 3394 degere
761 3307 873 3373 solent
891 3308 1021 3372 alumni
1039 3308 1155 3395 plures
1175 3331 1218 3373 ex
1237 3309 1339 3374 variis
1360 3308 1454 3373 insti-

331 3422 415 3487 tutis
443 3429 600 3487 votornm
633 3421 850 3509 simplicium.
888 3421 1058 3500 Quaeritur
1086 3443 1166 3506 ergo
1200 3420 1243 3486 ad
1272 3444 1452 3510 quemnam

332 3537 527 3625 episcopum
556 3537 747 3624 superiores
775 3537 951 3623 generales
983 3535 1117 3600 mittere
1151 3535 1296 3602 debeant
1323 3536 1453 3602 litteras

331 3651 573 3714 dimissoriales
596 3673 657 3739 pro
686 3650 740 3714 his
769 3649 915 3714 alumnis
944 3648 1152 3730 ordinandis,
1174 3657 1290 3715 utrum
1318 3649 1361 3715 ad
1384 3649 1454 3737 epi-

331 3787 471 3852 scopum
496 3763 679 3842 seminarii,
711 3763 767 3828 vel
795 3762 838 3828 ad
866 3763 1061 3851 episcopum
1093 3763 1158 3827 loci
1186 3763 1372 3828 novitiatus
1395 3770 1453 3827 aut

331 3881 451 3944 domus
477 3878 638 3966 principis
663 3877 825 3958 instituti,
848 3877 903 3941 vel
929 3877 972 3940 ad
991 3877 1187 3965 episcopum
1207 3877 1347 3965 originis
1372 3875 1452 3942 sub-

330 3994 497 4073 ditorum,
527 3992 583 4056 vel
612 3991 655 4057 ad
682 3991 830 4078 aliquem
859 3989 978 4071 alium;
1010 4013 1088 4056 cum
1116 4013 1197 4077 ergo
1232 3991 1295 4055 hac
1329 3991 1370 4056 de
1399 4013 1449 4060 re,

362 4231 368 4262 ¹
388 4231 489 4278 Textus
504 4233 580 4278 extat
594 4229 627 4276 nd
642 4229 744 4277 calcem
759 4229 839 4292 hujus
855 4227 1007 4280 voluminis.
1022 4225 1217 4276 Documentum
1234 4227 1279 4276 ll'.
