3316 5052
412 505 455 554 DE
475 503 737 563 PRAEREQUlSlTlS
757 503 799 552 ΑΙ)
820 503 1070 554 ORDlNATIONEll
1251 502 1298 554 321

225 651 257 714 5.
290 648 409 729 Quoad
442 648 603 734 praelatos
634 648 822 733 reputares,
856 647 1017 734 quaritur
1053 670 1132 712 num
1171 649 1304 735 possint

180 763 365 828 concedere
389 763 521 827 litteras
546 761 791 828 testimoniales
815 760 961 826 subditis
985 761 1071 843 suis,
1094 764 1152 850 qui
1177 769 1302 828 statum

181 877 371 964 regularem
390 877 603 963 relinquunt,
621 882 655 940 et
675 876 852 940 inveniunt
866 875 1061 964 episcopum
1082 875 1302 959 benevolum,

180 1016 200 1056 a
219 1015 286 1079 quo
306 997 428 1079 petunt
446 990 712 1070 ordinationem
734 990 811 1078 quis
830 990 865 1053 in
885 990 948 1054 hoc
964 1013 1045 1056 casu
1059 990 1153 1056 dabit
1173 993 1304 1059 litteras

180 1105 427 1170 testimoniales
447 1127 508 1192 pro
528 1103 739 1169 ordinatione
758 1105 982 1184 necessarias,
1005 1112 1120 1170 utrum
1144 1108 1304 1193 praelatus

181 1219 348 1307 regularis
371 1218 584 1299 monasterii,
612 1218 738 1306 inquo
763 1218 890 1283 mansit
913 1218 1136 1300 ordinandus,
1164 1244 1207 1286 an
1233 1224 1304 1308 epi-

181 1356 304 1421 scopus
332 1333 414 1413 loci,
446 1333 480 1397 in
510 1355 576 1420 quo
605 1332 708 1396 situm
737 1339 790 1397 est
818 1333 1086 1398 monasterium‘.l
1108 1373 1152 1382 —
1172 1335 1269 1422 Resp.
1293 1360 1305 1403 .·

184 1451 214 1513 l.
237 1447 380 1513 Summo
393 1450 491 1534 jure,
514 1447 689 1512 concessio
712 1445 903 1511 litterarum
926 1447 1207 1513 testimonialium
1231 1471 1305 1535 per-

181 1563 268 1628 tinet
294 1563 337 1627 ad
364 1563 560 1650 episcopum
586 1561 668 1642 loci,
697 1561 756 1648 qui
776 1561 869 1625 solus
898 1567 951 1626 est
976 1560 1173 1627 Ordinarius
1202 1563 1306 1628 totius

181 1676 274 1741 illius
311 1675 490 1758 territorii,
525 1676 560 1739 in
594 1699 661 1764 quo
695 1675 814 1744 situm¹
833 1681 885 1740 est
918 1677 1178 1758 monasterium,
1215 1677 1307 1765 quod

182 1791 426 1856 monasterium
451 1796 602 1855 remanet
629 1790 669 1852 de
695 1790 824 1854 dioeeeei
847 1796 882 1854 et
905 1791 940 1854 in
964 1791 1093 1855 dioecesi
1117 1791 1304 1879 episcopi¹;

181 1943 226 1953 -
245 1905 277 1970 2.
296 1905 459 1970 Attamen
480 1903 632 1969 sulficere
652 1902 873 1990 probabiliter
890 1904 1080 1991 putaverim
1099 1905 1308 1969 testimonia-

183 2017 234 2082 les
264 2017 396 2105 praelati
425 2017 608 2105 regulariS,
641 2023 715 2082 tum
742 2017 821 2105 quia
853 2016 917 2081 luit
948 2016 1160 2083 Ordinariue
1179 2017 1307 2083 subditi

104 2219 110 2230 ε
183 2131 377 2213 ordinandi,
400 2138 473 2197 tum
493 2131 571 2220 quia
591 2137 644 2196 est
665 2131 867 2195 Ordinarius
887 2132 1097 2214 monasterii,
1115 2138 1149 2197 et
1168 2133 1308 2218 proinde

183 2245 297 2334 aliquo
317 2246 418 2311 modo
440 2246 524 2328 loci,·
540 2253 613 2311 tum
628 2245 707 2334 quia
722 2244 785 2310 hoc
800 2244 900 2310 modo
921 2245 1042 2310 melius
1062 2247 1184 2312 satisfit
1203 2248 1309 2312 menti

182 2359 287 2446 legis;
310 2360 463 2448 superior
477 2360 567 2425 enim
582 2359 748 2448 regularis
764 2359 870 2424 multo
884 2359 1019 2445 plenius
1039 2361 1213 2447 cognoscit
1232 2359 1309 2425 sub-

183 2474 297 2540 ditum·
313 2497 412 2539 suum
432 2497 534 2562 quam
554 2473 733 2562 episcopus
753 2473 811 2561 qui
831 2473 944 2538 forsan
964 2497 1006 2538 ne
1026 2496 1150 2538 nomen
1170 2475 1308 2564 quidem

182 2587 276 2653 illius
295 2589 421 2656 noviti
440 2589 600 2654 Ceterum
620 2610 689 2652 non
713 2593 765 2652 est
785 2587 1025 2652 assimilandus
1049 2587 1205 2653 subditus
1224 2612 1309 2676 prar-

183 2703 243 2768 lati
268 2702 434 2790 regularis
457 2701 594 2767 subdito
614 2701 664 2766 illi
684 2701 814 2787 praelati
839 2701 1022 2782 inferioris,
1050 2703 1090 2767 de
1115 2725 1182 2790 quo
1207 2724 1308 2789 supra

183 2815 270 2896 dixi,
299 2817 342 2880 ad
369 2817 408 2896 l;
439 2816 492 2880 hio
518 2815 626 2896 enim,
655 2815 767 2903 quoad
794 2815 1058 2897 ordinationem,
1086 2815 1181 2881 nullo
1207 2815 1308 2880 modo

183 2929 309 3018 pendet
328 2953 348 2994 a
366 2929 506 3017 praelato
526 2952 604 3010 su0‚
626 2929 684 3017 qui
703 2951 746 2993 ne
766 2928 976 2994 dimissorias
995 2929 1132 3017 quidem
1157 2930 1207 2994 illi
1226 2953 1308 2994 con-

183 3043 302 3109 cedere
330 3050 462 3132 potest;
492 3043 573 3108 dum
600 3042 757 3108 subditus
783 3043 965 3130 regularis,
988 3043 1099 3131 quoad
1125 3043 1308 3109 ordinatio-

184 3179 279 3236 nem,
302 3157 440 3221 omnino
460 3156 584 3244 pendet
603 3179 622 3222 a
642 3157 783 3243 prelato
803 3180 881 3234 suo,
903 3157 962 3245 qui
982 3156 1076 3220 solus
1095 3157 1175 3222 dare
1195 3165 1307 3246 potest

183 3271 234 3336 illi
257 3271 485 3352 dimissorias;
508 3309 551 3320 -
576 3271 607 3337 3.
635 3271 715 3334 Herc
740 3270 950 3336 extenderim
976 3270 1018 3335 ad
1043 3271 1223 3355 novitium,
1249 3273 1307 3361 qui

184 3386 306 3451 saltem
339 3409 399 3473 per
432 3408 492 3450 sex
526 3407 661 3450 menses
690 3391 805 3449 manet
835 3385 870 3448 in
901 3392 1088 3466 conventu,
1121 3393 1155 3450 et
1185 3387 1307 3452 deinde

184 3499 365 3564 revertitur
383 3499 426 3564 ad
446 3499 572 3564 olerum
593 3497 801 3564 saecularem.

230 3613 261 3679 6.
294 3613 392 3694 Quod
418 3612 489 3678 dixi
515 3613 556 3678 de
579 3613 732 3699 praelatis
760 3613 991 3698 reputarilrua,
1023 3613 1161 3678 extendi
1189 3615 1307 3702 nequit

184 3727 226 3792 ad
245 3728 434 3814 superiores
453 3728 754 3813 conprepationum
775 3735 930 3791 votorum
949 3727 1171 3812 simplicium,
1194 3728 1306 3817 quoad

184 3841 340 3906 subditos
368 3864 447 3906 suos
474 3841 532 3930 qui
558 3841 756 3929 relinquunt
782 3841 1095 3928 congregationem,
1125 3849 1159 3907 et
1184 3842 1305 3907 deinde

183 3963 305 4043 petunt
324 3956 570 4021 ordinationem
590 3955 632 4020 ab
652 3956 765 4043 aliquo
785 3955 954 4042 episcopo.
979 3955 1023 4020 Hi
1042 3956 1131 4020 enim
1157 3958 1307 4044 superio·

217 4159 225 4191 ¹
244 4159 374 4222 Suppono
387 4159 458 4207 enim
471 4159 612 4221 praelatum
626 4158 700 4206 illum
716 4157 865 4220 regularem
882 4173 934 4205 non
950 4173 1008 4206 esse
1022 4157 1168 4208 Praelatum
1181 4159 1305 4218 Nauium

185 4238 302 4300 alioquin
318 4238 390 4286 idem
405 4237 548 4286 dicendum
564 4237 637 4300 quod
652 4251 746 4299 supra,
762 4237 795 4284 ad
811 4241 832 4284 t.

217 4317 228 4351 ²
247 4316 286 4365 lta
300 4317 383 4364 etiam
398 4316 540 4378 Gaepurri,
558 4315 606 4363 loc.
623 4314 678 4372 cit,
696 4330 721 4364 n.
738 4319 791 4364 711.

292 4429 374 4464 saona
389 4428 507 4462 cantuar.
670 4441 678 4450 ·
1151 4413 1180 4464 21
