3290 5060
332 453 381 508 140
447 463 450 471 '
596 459 640 508 DE
659 457 799 508 LEGIBUS
820 457 934 508 SACIIAE
953 457 1190 507 ORDINII'IIONIS

331 607 445 665 autem
470 608 564 666 tenet
588 601 744 688 Fagnan,
771 623 893 689 nempe
916 601 951 665 in
977 601 1155 688 privilegio
1185 599 1363 665 ordinandi
1389 599 1458 664 duo

332 714 495 802 implicite
515 713 696 796 contineri,
715 715 845 780 scilicet
859 723 1060 801 potestatem
1080 715 1277 796 ordinandi,
1295 721 1329 779 et
1343 715 1458 800 juris-

331 829 512 892 dictionem
534 829 715 894 Iimitatam
739 830 783 894 ad
802 851 965 914 personas
989 829 1198 914 desiqnatae,
1219 851 1358 916 prorsus
1378 851 1457 914 gra-

331 941 456 1006 tuitum
476 949 540 1007 est.
558 942 655 1008 Unde
675 942 883 1030 praeferenda
903 949 956 1007 est
976 943 1046 1007 haec
1065 943 1195 1030 opinio,
1217 949 1251 1006 et
1270 941 1456 1007 tenendum

331 1079 392 1143 pro
409 1055 632 1122 invaliditatc.

378 1261 445 1330 55.
464 1299 510 1308 —-
529 1261 722 1348 specialia
741 1261 790 1328 de
809 1259 1020 1329 abbatibus
1039 1280 1121 1328 non
1140 1261 1355 1348 perpetuis.

344 1374 348 1382 ’
376 1373 530 1438 Abbates
549 1374 720 1460 regulares
740 1375 781 1438 de
802 1373 925 1462 quibus
945 1374 1119 1462 hucusque
1140 1374 1355 1454 dictumest,
1378 1379 1457 1436 sunt

332 1485 472 1552 abbates
491 1491 649 1574 perpetui
675 1490 804 1554 ratione
828 1489 937 1572 tituli,
964 1489 1083 1576 quales
1109 1488 1247 1553 fuerunt
1270 1487 1457 1576 antiquitus

332 1609 366 1667 et
384 1626 474 1668 nunc
494 1603 597 1668 etiam
617 1625 691 1668 esse
712 1604 836 1682 solent,
858 1603 917 1692 qui
936 1626 1059 1692 nempe
1079 1603 1253 1690 eliguntur
1271 1603 1315 1666 ed
1334 1603 1454 1684 vitam,

333 1719 421 1782 sicut
440 1719 606 1806 episcopi,
628 1741 696 1782 non
720 1718 763 1782 ad
787 1725 922 1806 tempus
946 1715 1219 1782 determinatum.
1243 1715 1372 1780 Praeter
1395 1715 1457 1779 hos

333 1839 463 1912 autem,
486 1839 567 1896 sunt
586 1831 661 1896 duae
680 1831 755 1896 aliae
775 1831 905 1920 speeies
925 1830 1104 1911 abbatum;
1127 1848 1232 1895 nam:

380 1945 414 2008 I⁰
438 1945 541 2026 Sunt,
568 1947 615 2010 ait
642 1945 844 2011 Benedictus
870 1943 968 2026 XIII,
994 1946 1029 2010 in
1055 1945 1112 2010 cit.
1139 1943 1234 2009 bulla
1261 1943 1453 2023 Commissi,

333 2060 441 2148 pridie
468 2083 576 2124 nonas
600 2060 680 2125 maii
706 2061 835 2126 1725¹:
863 2087 878 2120 ι(
902 2059 1056 2125 Abbates
1082 2059 1256 2146 regulares
1283 2055 1453 2146 perpetui,

335 2196 401 2237 non
425 2175 564 2258 quidem
591 2175 720 2239 ratione
747 2175 856 2258 tituli,
883 2174 961 2262 quia
986 2175 1029 2240 ad
1052 2173 1238 2239 triennium
1261 2171 1317 2236 vel
1337 2193 1457 2236 sexen-

334 2288 430 2352 nium
457 2287 512 2351 veI
541 2289 633 2352 aliud
659 2289 844 2354 limitatum
871 2296 1007 2377 tempus
1035 2288 1218 2375 eliguntur,
1246 2285 1306 2352 sed
1330 2286 1457 2350 ratione

334 2401 653 2486 administrationis,
676 2404 755 2491 quia
779 2402 821 2468 ab
844 2403 946 2468 unius
972 2401 1169 2468 monasterii
1194 2400 1375 2488 regimine,
1401 2421 1457 2463 ex·

334 2515 426 2602 pleto
453 2515 598 2581 limitato
625 2525 794 2606 tempore,
821 2517 1073 2583 transferuntur
1099 2515 1141 2582 ad
1167 2514 1307 2587 aliud.»
1334 2513 1454 2590 Porro,

330 2630 429 2717 juxta
453 2631 606 2694 eamdem
631 2630 776 2713 bullam,
798 2631 833 2694 hi
856 2629 996 2696 abbates
1019 2637 1180 2695 tenentur
1204 2627 1247 2692 ad
1271 2625 1457 2714 suscipien-

335 2745 414 2808 dam
433 2744 705 2809 benedictionem
729 2743 816 2811 infra
837 2746 1020 2810 terminum
1039 2745 1141 2809 unius
1160 2742 1257 2822 anni,
1279 2765 1298 2806 a
1317 2740 1371 2804 die
1390 2739 1457 2802 ele-

335 2859 458 2923 ctionis
488 2859 774 2946 computandum,
808 2859 944 2924 interim
973 2882 1070 2940 vero,
1102 2879 1224 2944 nempe
1252 2856 1342 2920 intra
1368 2853 1457 2917 hunc

336 2995 480 3054 annum,
501 2980 645 3061 possunt
664 2973 777 3038 omnia
801 2973 911 3038 officia
935 2971 1118 3038 abbatialia
1137 2991 1308 3051 exercere,
1331 2973 1365 3033 et
1383 2990 1457 3055 pro-

334 3085 413 3150 inde
447 3087 549 3151 etiam
582 3065 798 3153 collationem
831 3087 1005 3168 ordinum,
1040 3092 1080 3151 ut
1112 3084 1242 3149 dictum
1274 3090 1326 3147 est
1359 3103 1457 3168 supra

335 3198 388 3284 (n.
417 3200 488 3282 51,
509 3199 559 3288 2⁰)
588 3201 630 3264 de
656 3201 835 3266 abbatibus
863 3201 1034 3290 perpetuis
1062 3199 1193 3264 ratione
1221 3196 1323 3261 tituli.
1346 3193 1457 3260 Semel

334 3320 449 3378 autem
468 3312 653 3396 benedicti,
676 3339 744 3380 non
764 3316 912 3404 amplius
931 3313 1189 3392 benedicuntur,
1206 3310 1286 3376 licet
1305 3307 1348 3374 ad
1367 3307 1457 3372 aliud

335 3428 594 3509 monasterium,
621 3429 724 3494 etiam
748 3437 843 3494 extra
863 3429 1051 3510 dioecesim,
1077 3425 1342 3504 transferantur3
1368 3419 1457 3509 quod

335 3539 454 3604 statuit
469 3540 595 3606 ibidem
610 3543 814 3607 Benedictus
829 3541 922 3608 XIII.
936 3542 1091 3609 -Unde
1105 3540 1141 3604 hi
1156 3537 1308 3618 abbates,
1323 3535 1457 3624 quando

334 3653 374 3717 dc
399 3658 491 3739 facto
517 3664 668 3743 praesunt
694 3657 794 3722 alicui
820 3655 1043 3737 monasterio,
1065 3655 1137 3720 sive
1161 3652 1286 3741 primo,
1309 3650 1380 3715 sive
1405 3671 1457 3714 se-

335 3767 457 3850 cundo,
480 3777 538 3833 aut
557 3769 630 3852 alii,
653 3777 686 3834 et
706 3771 754 3836 sic
778 3769 904 3835 habent
925 3771 1080 3835 subditos
1105 3767 1294 3853 reputares,
1316 3769 1457 3852 possunt

333 3879 387 3944 his
406 3881 558 3948 conferre
578 3882 839 3950 ordinationem.
905 3923 910 3934 ·

378 3995 415 4059 2⁰
425 3995 545 4076 Quoad
560 3995 700 4063 abbates
716 3997 774 4086 qui
789 3998 883 4063 nullo
900 3998 1000 4063 modo
1016 4003 1097 4064 sunt
1111 3995 1278 4086 perpetui,
1293 3992 1353 4060 sed
1367 4013 1457 4057 mere

335 4111 546 4196 temporales,
560 4135 594 4176 v.
606 4133 655 4197 g.,
668 4111 865 4196 triennales,
878 4111 1092 4194 sexennales,
1108 4133 1176 4176 non
1196 4115 1357 4176 tenentur
1375 4105 1457 4172 reci-

365 4270 374 4303 ¹
392 4272 466 4321 Bull.
481 4272 567 4330 Rom,
583 4273 602 4322 t.
616 4287 665 4332 xri,
682 4287 710 4335 p.
724 4287 809 4322 cxxix.
