3300 5056
326 450 377 502 240
447 500 457 522 κ
592 451 636 500 DE
655 449 793 500 LEGIBUS
812 448 927 499 SACRAE
946 447 1184 500 ORDINATIONIS

325 595 355 652 in
369 592 477 653 eodem
490 591 587 674 gradu
601 591 705 674 ponit;
720 612 784 651 non
796 591 900 672 agitur
913 590 1044 673 proinde
1057 590 1095 651 de
1108 590 1357 652 ordinationibus
1372 591 1450 652 inle-

325 697 468 760 rioribus.

363 911 424 976 92.
442 945 483 955 -
501 912 691 974 Decretum
711 910 842 974 Gelasii
860 911 907 972 de
924 909 1147 989 temporibus
1167 909 1447 974 ordinationum.

323 1017 408 1075 -ln
424 1015 554 1096 epistola
568 1036 628 1090 xiv,
643 1013 696 1074 Ad
710 1013 870 1096 episcopos
884 1014 1034 1075 Lucania·
1050 1015 1112 1095 (an.
1130 1014 1218 1090 494),
1236 1035 1267 1074 n.
1288 1017 1338 1088 11,
1357 1013 1449 1074 Gela·

323 1122 386 1182 sius
401 1121 468 1180 haec
486 1119 645 1180 decernit¹
660 1137 667 1180 :
685 1145 700 1175 ιι
718 1119 938 1180 Ordinationes
958 1119 1050 1180 etiam
1070 1118 1323 1200 presbyterorum
1338 1127 1370 1179 et
1383 1120 1448 1180 dia·

323 1247 473 1288 cenorum
489 1225 548 1286 nisi
561 1225 652 1285 certis
669 1223 861 1305 temporibus
880 1231 911 1283 et
929 1224 1038 1284 diebus
1054 1245 1197 1285 exercere
1213 1245 1276 1284 non
1291 1224 1445 1285 audeant:

322 1333 353 1392 id
369 1339 431 1406 est,
445 1330 555 1414 quarti
569 1329 686 1391 mensis
692 1328 839 1412 jejunio,
856 1329 985 1410 septimi
999 1336 1030 1389 et
1044 1328 1175 1407 decimi,
1193 1329 1247 1389 sed
1262 1329 1355 1389 etiam
1370 1350 1447 1412 qua·

322 1435 547 1520 drapesimalis
558 1433 646 1495 initii
655 1455 691 1494 ac
702 1433 858 1495 medianae
870 1433 1130 1517 Quadraqesimoe
1141 1435 1192 1494 die
1203 1434 1225 1508 ²,
1238 1433 1358 1496 sabbati
1366 1436 1447 1517 jeju·

321 1542 373 1602 nio
386 1542 467 1602 circa
480 1561 641 1622 vespcram
653 1539 664 1574 ³
678 1539 825 1600 noverint
839 1539 1050 1600 celebrandas.
1069 1564 1084 1595 ι)
1102 1541 1148 1600 De
1161 1561 1224 1622 quo
1238 1540 1364 1601 decreto
1380 1541 1446 1600 haec

320 1646 471 1707 dicenda:

363 1755 392 1810 1ο
407 1751 549 1811 Gelasius
560 1750 749 1810 determinat
759 1770 832 1830 ergo
844 1749 983 1832 quinque
993 1757 1133 1830 tempora
1145 1771 1203 1831 pro
1219 1751 1313 1811 sacris
1324 1751 1445 1811 ordina·

321 1856 474 1930 tionibus,
490 1877 601 1936 nempe
614 1854 733 1936 jejunia
744 1856 860 1915 mensis
870 1855 981 1938 quarti
993 1856 1061 1936 (seu
1074 1855 1171 1937 junii,
1184 1862 1238 1916 aut
1248 1857 1351 1936 potius
1364 1877 1445 1916 nunc

321 1961 522 2022 hebdomadae
548 1960 697 2042 proximae
722 1967 794 2040 post
814 1961 1054 2037 Pentecosten),
1075 1959 1203 2041 septimi
1222 1964 1294 2038 (seu
1314 1969 1445 2041 septem-

320 2067 416 2144 bris),
434 2064 551 2126 decimi
567 2071 639 2138 (seu
659 2065 865 2142 decembris);
883 2065 1010 2146 insuper
1026 2065 1181 2147 jejunium
1203 2065 1291 2126 initii
1304 2064 1443 2149 quadra-

318 2169 483 2255 9esimalis
502 2171 574 2251 (seu
595 2171 703 2251 primae
723 2169 927 2231 hebdomadae
943 2169 1227 2252 Quadragesimae),
1244 2177 1276 2231 et
1288 2170 1443 2252 jejunium

319 2274 488 2352 medianae,
507 2296 560 2335 seu
581 2273 789 2335 hebdomadis
804 2273 959 2335 medianae
977 2275 1225 2355 Quadragesimae
1241 2276 1331 2355 (seu,
1351 2283 1385 2336 ut
1399 2276 1444 2335 di·

317 2380 416 2441 cimus
431 2379 539 2452 hodie,
555 2386 628 2439 ante
643 2379 831 2440 dominicam
847 2379 1032 2460 Passionis).
1048 2415 1088 2426 --
1100 2380 1199 2447 Quam
1214 2379 1441 2440 hebdomadam

318 2483 499 2546 medianam
518 2491 671 2544 memorat
686 2485 779 2544 etiam
795 2484 940 2564 Pelagius
959 2485 988 2558 l,
1008 2491 1044 2544 ut
1059 2491 1182 2566 tempus
1196 2483 1407 2546 ordinationis
1418 2485 1440 2544 ⁴.

357 2597 389 2652 2⁰
401 2593 483 2650 Ante
496 2590 654 2650 decretum
668 2589 799 2664 Gelasii,
814 2611 877 2651 non
892 2589 1040 2650 videntur
1052 2589 1115 2650 ulla
1129 2589 1224 2650 luisse
1238 2589 1441 2651 determinata

317 2705 457 2778 tempora
476 2695 725 2770 ordinationum,
749 2696 793 2755 ita
815 2703 849 2755 ut
871 2695 1013 2777 quolibet
1033 2695 1106 2754 anni
1127 2715 1233 2756 mense
1254 2695 1304 2755 vel
1326 2695 1441 2756 hebde

317 2802 406 2864 mada
427 2803 535 2862 tierent
554 2799 767 2860 ordinationes
774 2847 783 2878 ,
800 2805 895 2881 prout
912 2799 1093 2880 postulabat
1107 2800 1275 2860 necessitas
1291 2807 1345 2861 aut
1361 2801 1442 2861 utili·

317 2917 363 2968 tas
385 2906 596 2968 ecclesiarum.
619 2941 659 2950 -
682 2905 787 2965 Nam:
814 2909 839 2965 l.
867 2904 996 2964 Nullum
1016 2926 1143 2986 prorsus
1165 2912 1251 2966 extat
1269 2906 1328 2967 hac
1349 2906 1387 2966 de
1409 2927 1440 2966 re

314 3013 538 3072 documentum
558 3017 630 3071 ante
651 3009 827 3082 Gelasium;
845 3010 954 3090 procul
974 3009 1085 3084 dubio,
1103 3011 1127 3070 si
1147 3009 1232 3092 quod
1250 3019 1439 3093 praeceptum

315 3115 372 3176 hac
391 3117 430 3177 de
450 3138 483 3176 re
502 3115 670 3190 extitisset,
694 3137 757 3176 non
777 3115 933 3175 omisisset
952 3115 1030 3174 illud
1052 3136 1225 3176 memorare
1241 3117 1273 3177 S.
1292 3117 1370 3191 Leo,
1388 3117 1438 3198 qui

315 3229 377 3282 tam
406 3229 564 3295 accurate,
595 3228 630 3281 ut
654 3221 805 3295 vidimus,
830 3220 970 3302 loquitur
994 3220 1033 3279 de
1062 3219 1115 3281 die
1141 3219 1354 3282 ordinationis
1361 3239 1375 3300 ‚·
1402 3257 1439 3266 -

344 3408 353 3441 1
369 3408 460 3467 Thiel,
476 3406 604 3470 Epistola
619 3407 693 3456 Rom.
709 3405 827 3468 Pontis„
844 3421 871 3470 p.
888 3410 947 3466 368ς
965 3433 993 3442 -
1008 3406 1111 3456 inserta
1126 3407 1153 3454 in
1168 3408 1286 3457 Decreta
1302 3407 1438 3468 Gratiani,

313 3501 371 3536 can.
387 3485 592 3544 Ordinationes,
609 3491 631 3544 7,
646 3487 709 3533 (list.
726 3484 833 3534 LXXV.

343 3564 431 3612 ²Hoc
450 3564 614 3612 vocabulum
633 3563 689 3621 die,
711 3563 785 3626 quod
804 3563 848 3612 hic
866 3563 1019 3612 redundare
1038 3563 1160 3623 videtur,
1184 3579 1238 3613 uon
1258 3567 1393 3628 reperitur
1411 3566 1438 3612 in

312 3643 438 3691 omnibus
459 3641 613 3702 codicibus3
637 3646 759 3691 ceterum
778 3642 856 3706 jungi
879 3644 973 3705 posset
993 3641 1077 3690 verbo
1095 3641 1205 3691 sabbati
1229 3643 1336 3706 (potius
1357 3657 1437 3706 quam

312 3721 396 3770 verbo
414 3718 658 3784 Quadrapesima).

342 3800 353 3833 ³
370 3799 423 3848 Sed
443 3799 517 3861 quia,
534 3798 576 3846 his
595 3803 713 3860 quatuor
732 3801 886 3862 temporum
905 3797 1041 3858 sabbatis,
1058 3798 1164 3862 J'ejunio
1184 3798 1438 3862 superaddebantur

310 3876 425 3942 cipitia,
442 3891 502 3939 quae
522 3875 573 3924 sub
592 3891 733 3940 vesperam
754 3876 921 3941 incipiebant
939 3879 967 3925 et
981 3875 1116 3926 durabant
1136 3891 1327 3940 permagnam
1347 3877 1437 3926 noctis

311 3958 425 4019 partem,
441 3955 502 4003 ideo
518 3954 600 4002 missa
614 3955 792 4004 ordinationis
808 3970 881 4018 sepe
895 3955 995 4018 rejecta
1010 3954 1062 4004 suit
1076 3955 1103 4003 in
1120 3955 1269 4003 diluculum
1282 3955 1336 4004 diei
1350 3954 1437 4003 domi-

311 4035 387 4084 nicae.
404 4033 443 4082 Cl.
460 4031 590 4091 Quesnel,
606 4033 761 4082 dissertatio
777 4033 828 4094 Vl,
845 4033 883 4082 De
893 4031 1003 4098 jejunio
1017 4031 1139 4092 sabbati,
1156 4047 1183 4081 n.
1197 4037 1209 4080 7
1223 4033 1310 4097 (apud
1326 4032 1436 4082 Balleri-

310 4115 384 4172 aios,
400 4113 487 4176 Opera
500 4111 526 4160 S.
542 4109 651 4169 Leonis,
666 4114 685 4160 t.
700 4127 731 4171 u,
747 4111 799 4161 col.
816 4116 876 4160 1075
891 4111 957 4176 sq.);
975 4138 1002 4148 -
1018 4111 1122 4174 Lupus,
1141 4110 1190 4160 loc.
1205 4109 1261 4170 eia,
1278 4126 1304 4174 p.
1320 4115 1374 4160 296.

340 4193 352 4226 ⁴
368 4190 505 4255 Pelagius,
520 4189 716 4253 Fragmentum
734 4189 822 4255 epist,
844 4189 878 4239 ad
892 4188 1071 4240 Laurentium
1090 4188 1245 4254 episcopum
1265 4189 1434 4239 Centumcel-

311 4269 426 4329 tenserm·
441 4269 545 4333 Migne,
561 4267 591 4316 P.
607 4267 645 4326 L.,
663 4271 682 4318 t.
700 4283 771 4328 cxix,
787 4269 839 4317 col.
856 4271 910 4317 tis.
