3270 5050
369 434 487 488 SUMMA
505 435 680 486 DOCTRINAE
699 434 890 486 CATIIOLICAE
909 435 953 484 DE
972 433 1151 484 ORDINIBUS
1308 432 1324 482 I

241 601 274 643 a.
297 579 395 643 Locis
412 601 516 643 sacrae
534 578 732 664 Scriptura,
751 601 895 666 quorum
913 577 1011 664 plura
1026 576 1099 663 jam
1118 575 1223 641 relata
1244 581 1325 641 sunt

197 715 300 780 supra
320 690 374 780 (n.
398 694 437 778 1,
462 690 522 780 3⁰).
549 693 645 774 Act,
667 713 737 773 xiv,
759 691 819 772 22,
846 691 973 756 Paulus
997 697 1031 754 et
1050 688 1240 771 Barnabas,
1267 689 1325 777 qui

196 805 351 894 profecto
379 811 478 870 erant
506 805 672 893 episcopi,
706 803 866 870 ordinant
892 827 953 893 per
985 802 1137 890 singulas
1169 803 1326 868 civitates

197 920 434 1008 presbyteros;
452 918 543 984 -ΙΙ
563 919 664 1000 Tim,
682 940 708 1000 1,
727 919 764 1000 b,
782 918 910 984 Paulus
929 917 1076 983 affirmat
1094 941 1131 982 se
1150 917 1324 982 ordinasse

197 1034 429 1099 Timotheum.
447 1073 492 1082 -
507 1033 650 1114 Quando
665 1033 770 1118 igitur
788 1032 880 1098 idem
896 1033 1039 1109 Paulus,
1057 1031 1070 1096 Ι
1085 1032 1186 1113 Tim.,
1205 1053 1249 1111 iv,
1269 1029 1323 1112 It,

197 1147 282 1212 dicit
300 1148 517 1212 Timotheum
539 1147 709 1235 recepisse
727 1147 980 1234 impositionem
999 1169 1163 1210 manuum
1180 1145 1326 1231 presby-

198 1263 294 1346 terii,
318 1261 377 1326 vel
399 1261 435 1325 hi
458 1259 650 1349 presbyteri
676 1268 772 1325 erant
800 1261 904 1324 etiam
932 1260 1099 1348 episcopi,
1125 1260 1225 1348 juxta
1254 1259 1325 1324 vim

197 1375 347 1440 nominis
363 1375 559 1461 presbyteri
573 1373 665 1462 apud
679 1373 714 1440 S.
732 1374 895 1454 Paulum,
911 1373 968 1438 vel
982 1373 1053 1438 haec
1065 1373 1239 1461 impositio
1254 1381 1326 1438 erat

196 1513 291 1554 mere
305 1488 563 1570 caeremonialis‚
579 1495 618 1552 ut
638 1487 747 1553 adhuc
761 1487 861 1552 hodie
877 1493 1046 1568 servatum
1063 1525 1106 1536 -
1121 1488 1215 1568 Act,
1226 1509 1272 1567 vr,
1290 1487 1323 1566 6,

197 1603 347 1691 apostoli
371 1603 531 1668 ordinant
549 1609 681 1690 septem
704 1603 833 1689 primos
853 1603 1024 1666 diaconos.
1046 1641 1090 1650 -
1109 1601 1216 1689 Ergo,
1239 1601 1328 1666 inter

196 1718 392 1782 hierarchas
412 1717 454 1781 de
474 1715 598 1805 quibus
617 1723 724 1803 agunt
743 1717 830 1782 sacri
850 1717 1048 1803 scriptores,
1065 1716 1231 1800 precipui
1251 1722 1327 1778 tan-

197 1841 273 1897 tum
291 1832 455 1918 leguntur
473 1831 678 1919 imposuisse
698 1853 819 1896 manus
839 1854 899 1896 seu
918 1830 1141 1895 ordinavisse.

241 1945 277 2011 b.
299 1946 519 2010 Documentis
533 1947 695 2030 priorum
713 1945 926 2010 saeculorum.
943 1983 987 1994 —
1009 1947 1040 2009 I.
1064 1945 1327 2008 Constitutioncs

196 2059 227 2124 A
228 2060 413 2145 postoticae,
423 2083 499 2147 quae
511 2058 663 2124 referunt
677 2059 893 2147 disciplinam
906 2058 1021 2123 saeculi
1034 2080 1078 2140 iv,
1095 2066 1129 2122 et
1142 2057 1327 2144 aliquando

196 2174 437 2262 antiquiorem,
449 2180 633 2261 postquam
643 2173 820 2261 jusserunt
833 2173 1031 2260 episcopum
1046 2172 1193 2236 ordinari
1207 2195 1227 2236 a
1241 2170 1326 2237 duo-

196 2288 260 2352 bus
279 2295 339 2353 aut
361 2286 471 2352 trihus
494 2287 679 2375 episcopis,
701 2287 938 2376 presbyterum
957 2311 1038 2352 vero
1062 2294 1122 2351 aut
1145 2286 1325 2350 diaconum

196 2401 240 2466 ab
263 2425 334 2466 uno
358 2402 535 2490 episcopo,
558 2401 704 2483 addunt,
729 2401 817 2466 libro
841 2401 906 2482 ΙΙΙ,
933 2425 962 2467 c.
989 2419 1060 2466 xx:
1084 2429 1100 2460 «
1126 2400 1239 2487 thue
1265 2423 1323 2462 nec

193 2517 389 2602 presbyter,
413 2539 470 2580 nec
490 2517 651 2580 diaconus
669 2517 806 2581 clericos
825 2539 865 2580 ec
887 2517 978 2580 laicis
998 2517 1171 2597 ordinent,
1194 2512 1254 2578 sed
1272 2536 1324 2577 so-

198 2631 373 2695 lummodo
392 2631 577 2716 presbyter
599 2631 738 2716 quidem
762 2631 893 2712 doceat,
920 2635 1059 2714 offerat,
1080 2629 1244 2714 baptizet,
1265 2629 1323 2691 be·

198 2745 330 2809 nedicat
348 2744 495 2830 populo,
522 2745 683 2809 diaconus
705 2766 786 2808 vero
811 2745 980 2808 ministret
1004 2745 1162 2831 episcopo
1182 2765 1220 2806 ac
1245 2764 1322 2828 pre-

197 2857 361 2944 sbyteris,
377 2857 438 2921 sed
457 2880 526 2921 non
541 2864 682 2945 peragat
701 2865 813 2923 cetera
827 2862 850 2924 ¹.
867 2886 883 2918 n
902 2857 956 2922 Sic
976 2857 1043 2920 illae
1060 2855 1323 2920 Constitutioncs

196 2971 268 3036 sive
288 2972 456 3056 nepetino,
474 2972 545 3036 sive
565 2972 669 3036 etiam
682 2973 824 3058 positive
843 2971 1014 3059 repellunt
1030 2995 1050 3035 a
1065 2969 1216 3058 qualibet
1235 2967 1323 3032 ordi-

195 3087 335 3150 natione
358 3084 511 3150 facienda
537 3085 707 3174 quoslibet
737 3093 859 3174 praeter
885 3086 1080 3173 episcopos,
1106 3123 1151 3133 -
1174 3084 1206 3148 2.
1236 3083 1322 3147 Item

196 3199 350 3264 Canones
368 3199 616 3284 apostolorum,
639 3198 824 3264 canonibus
846 3205 861 3264 I
881 3207 915 3264 et
929 3201 965 3282 2,
984 3199 1107 3286 jubent
1126 3198 1322 3284 episcopum

195 3335 215 3376 a
241 3312 374 3377 duobus
397 3319 457 3378 aut
479 3311 588 3378 trihus
612 3313 795 3402 episcopis,
824 3313 1061 3402 presbyterum
1083 3335 1181 3393 vero,
1208 3311 1322 3375 diaco-

197 3449 279 3490 num
298 3433 333 3491 et
352 3427 508 3514 quemvis
527 3427 632 3491 alium
651 3428 812 3493 clericum
831 3428 873 3493 ab
892 3451 961 3492 uno
981 3428 1139 3515 episcopo
1158 3424 1318 3507 ordinari,

196 3545 231 3604 et
256 3540 305 3604 sic
332 3542 484 3626 nepetioe
508 3541 680 3628 repellunt
705 3565 724 3607 a
752 3541 905 3631 qualibet
928 3541 1140 3608 ordinatione
1167 3539 1321 3604 facienda

197 3653 369 3741 quoslibet
387 3660 510 3741 praeter
529 3655 725 3744 episcopos,
742 3695 785 3704 —
801 3657 833 3722 3.
850 3655 888 3720 In
908 3655 1050 3720 concilio
1070 3652 1318 3732 Alexandrino,

195 3767 231 3835 in
257 3791 324 3855 quo
348 3767 513 3854 agebatur
539 3769 581 3833 de
607 3793 708 3835 causa
728 3771 763 3835 S.
791 3769 972 3835 Athanasii
993 3769 1098 3858 (circa
1117 3791 1195 3834 ann.
1219 3766 1319 3850 339),

195 3891 272 3945 cum
293 3882 557 3946 calumniatores
580 3883 761 3948 Athanasii
780 3885 937 3949 dicebant
958 3883 1131 3972 Ischyram
1151 3903 1225 3946 esse
1244 3903 1320 3966 pre-

197 3992 388 4083 sbyterum,
409 3996 621 4061 Athanasius
641 3997 765 4085 aliique
786 3998 935 4087 episcopi
954 4021 1012 4063 eos
1031 3996 1251 4062 confutarunt
1270 3993 1319 4057 di-

198 4251 207 4313 (
228 4172 356 4298 ''Mignm
373 4173 403 4221 Ρ.
421 4173 461 4232 G„
478 4176 498 4222 t.
514 4191 536 4230 1,
552 4175 604 4222 col.
619 4181 679 4234 θοός
700 4176 734 4224 cI.
751 4177 832 4224 etiam
853 4177 870 4224 Ι.
890 4175 968 4235 VIII,
988 4191 1012 4224 c.
1030 4191 1086 4234 xvi,
1106 4190 1174 4233 xvir,
1190 4189 1246 4230 xxi,
1263 4187 1317 4219 xxn

212 4265 243 4299 co
257 4288 262 4299 .
278 4255 337 4299 IIII
353 4252 414 4314 sq.).
