3270 5050
311 471 345 524 6¹2
577 471 622 521 DE
641 470 779 522 LEGIBUS
799 470 913 522 SACRAE
932 471 1167 523 onninstlonis

310 615 439 688 Leonis;
465 613 545 674 tanti
566 613 649 673 enim
671 611 815 673 doctores
837 633 901 672 non
920 621 983 673 teni
1005 613 1208 675 vehementer
1229 616 1436 681 affirmassent

310 719 499 802 prohibitam
521 718 721 778 iterationem
746 717 995 792 ordinationum,
1021 718 1062 794 si,
1086 720 1193 800 paucis
1214 729 1306 784 antea
1327 725 1433 800 annis,

309 825 476 886 concilium
492 823 656 884 Nicaenum
668 821 815 903 jussisset
830 822 1044 884 ordinationes
1058 823 1176 886 iterari.

349 935 378 990 2.
402 929 493 998 Quod
508 929 622 988 attinet
640 927 679 988 ad
700 927 866 996 Rufinum.
889 935 1049 989 auctorem
1070 929 1264 992 collectionis
1286 933 1434 1015 Hispanae

309 1045 340 1096 et
355 1034 557 1108 Gratianum,
576 1032 729 1094 voeabula
744 1031 905 1110 ordinari,
922 1032 1097 1111 ordinatio,
1114 1057 1185 1117 quse
1204 1036 1432 1114 adhibuerunt,

308 1142 390 1202 lorte
407 1161 471 1202 non
490 1141 589 1220 magis
603 1146 692 1200 erant
713 1137 918 1200 determinata
937 1139 976 1198 ad
998 1139 1236 1218 significandum
1257 1163 1433 1204 sacramen-

308 1257 375 1308 tum
394 1245 615 1319 ordinationis,
631 1265 725 1326 quam
741 1243 905 1304 relativum
920 1243 1053 1305 verbum
1069 1266 1205 1325 graecum
1224 1249 1384 1329 χειροθεσίι,
1400 1257 1434 1310 et

307 1353 378 1414 ideo
392 1351 526 1430 intelligi
544 1357 676 1432 possunt
690 1349 730 1410 de
749 1348 945 1410 ordinatione
961 1349 1232 1430 reconciliatoris,
1250 1373 1313 1413 non
1327 1374 1433 1414 saera-

307 1457 474 1519 mentaria.
489 1455 579 1525 Quod
596 1455 621 1514 si
635 1453 858 1516 intellexerunt
872 1475 978 1514 veram
994 1455 1241 1534 ordinationem,
1256 1459 1431 1540 respondeo

307 1563 407 1624 multo
426 1561 531 1643 plures
551 1561 629 1622 alios
650 1558 834 1640 simpliciter
854 1559 985 1620 vertisse
1005 1567 1038 1621 et
1062 1561 1252 1623 intellexisse
1279 1585 1432 1624 manuum

306 1667 554 1751 impositionem,
571 1687 602 1726 v.
624 1687 668 1745 g.,
684 1665 887 1726 Innocentius
908 1665 939 1740 l,
959 1667 1130 1748 Dionysius
1150 1667 1306 1748 Exiguus,
1327 1670 1430 1730 versio

305 1773 432 1850 Prisce,
449 1779 511 1832 tres
529 1772 597 1832 aliae
612 1771 748 1851 antiquae
769 1770 969 1830 Nicaenorum
988 1791 1144 1832 canonum
1159 1773 1334 1848 versiones,
1357 1775 1431 1835 Cre·

305 1879 441 1952 sconius,
454 1877 609 1954 Amulius,
623 1875 736 1936 Petrus
751 1875 907 1949 Damiani,
923 1883 983 1937 etc.
994 1877 1017 1937 ¹.
1035 1877 1114 1950 lmo,
1126 1878 1282 1952 Tarasius,
1298 1879 1430 1960 patriar-

304 1985 362 2044 cha
373 1981 757 2062 Constantinopolitanae,
774 1981 806 2040 in
820 1981 953 2042 concilio
965 1981 1093 2042 Nicaeno
1105 1982 1134 2042 ll
1150 1989 1213 2058 (an.
1226 1985 1310 2059 787),
1324 1991 1386 2045 act.
1397 1984 1427 2058 l,

304 2088 491 2149 vocabulum
504 2085 650 2170 χιιροθεσία
664 2086 889 2167 interpretetur
903 2085 941 2146 de
960 2086 1093 2167 simplici
1113 2086 1346 2164 benedictione,
1364 2110 1428 2150 non

303 2195 342 2254 de
353 2193 568 2253 ordinatione:
583 2216 597 2247 (ι
611 2190 716 2266 Forte,
726 2191 838 2272 inquit,
848 2192 879 2250 in
889 2189 1109 2254 benedictione
1125 2199 1248 2254 tantum
1257 2193 1308 2254 hic
1318 2215 1429 2256 manus

303 2299 535 2380 impositionem
550 2296 637 2370 dicit,
650 2303 682 2356 et
694 2317 756 2356 non
770 2296 1036 2357 consecrationem
1046 2295 1073 2370 ²;
1091 2323 1106 2352 »ι
1120 2305 1152 2358 et
1165 2298 1219 2359 eit.
1231 2299 1375 2359 Auxilius
1389 2321 1427 2360 ex

304 2403 408 2462 verbis
431 2402 555 2463 concilii
576 2402 695 2462 Nicaei
714 2400 876 2461 concludit
897 2401 1090 2462 Novatianos
1111 2423 1175 2462 uon
1197 2402 1292 2463 luisse
1314 2404 1426 2465 iterum

304 2509 483 2569 ordinatos:
502 2533 516 2564 «
533 2507 675 2568 Audistis
688 2505 837 2588 liquidius
852 2506 937 2588 quod
951 2527 970 2567 a
981 2505 1284 2590 pseudo-episeopis
1298 2508 1427 2570 ordina-

304 2614 347 2675 tio
364 2613 451 2696 secte
464 2612 569 2695 possit
586 2619 657 2673 rata
674 2611 845 2671 consistere
851 2629 865 2688 ,·
883 2611 1013 2672 audistis
1029 2613 1122 2673 etiam
1137 2613 1210 2694 quie
1228 2613 1309 2674 sicut
1322 2615 1426 2675 denuo

303 2721 435 2802 quisque
451 2719 598 2800 baptizari
613 2739 678 2778 non
689 2715 798 2791 debet,
815 2717 858 2776 ita
871 2737 928 2776 nec
943 2716 1047 2778 denuo
1059 2718 1090 2778 in
1105 2718 1214 2778 eodem
1229 2719 1340 2780 ordine
1352 2741 1427 2781 con-

303 2825 416 2886 secrari
438 2831 580 2906 potest...
602 2823 678 2882 lnde
697 2822 791 2882 etiam
811 2829 843 2882 et
863 2821 1046 2898 Novatiani,
1069 2830 1102 2883 ut
1120 2823 1250 2904 fuerant
1268 2823 1423 2902 ordinati,

297 2951 359 3013 per
375 2949 487 2990 manns
507 2926 740 3009 impositionem
754 2925 1006 3008 suscipiuntur³.
1025 2953 1041 2984 a
1056 2962 1097 2972 —
1110 2928 1207 2988 Mitto
1221 2929 1313 2990 aliam
1328 2931 1425 2990 inter-

303 3035 508 3116 pretationem
527 3033 695 3094 verborum
715 3032 930 3106 Nieaenorum,
948 3032 1039 3113 juxta
1059 3054 1152 3114 quam
1174 3042 1286 3113 agatur
1301 3055 1364 3094 non
1386 3035 1425 3095 de

303 3159 382 3199 nova
397 3137 597 3218 impositione
612 3157 760 3197 manuum
777 3136 972 3217 accipienda,
987 3137 1041 3197 sed
1054 3137 1092 3198 de
1107 3139 1205 3198 veteri
1217 3139 1283 3221 jam
1297 3147 1422 3221 accepta

301 3236 385 3325 opud
410 3243 613 3302 Novatianos.
641 3243 688 3301 De
711 3263 772 3322 qua
799 3241 841 3303 cl.
863 3241 1040 3303 Vuitasse⁴.
1069 3243 1150 3304 Huic
1174 3244 1423 3326 interpretationi

333 3421 343 3453 ¹
360 3419 463 3476 lnnoc.‚
475 3420 554 3480 epist.
565 3433 629 3476 xvii,
637 3417 680 3466 Ad
695 3417 834 3481 episcopos
845 3417 1016 3478 Macedoniae,
1031 3436 1057 3468 n.
1072 3426 1115 3481 10;
1130 3421 1230 3484 Migne,
1246 3422 1276 3470 P.
1290 3423 1329 3480 L„
1344 3426 1363 3472 t.
1380 3439 1423 3482 xx,

301 3499 351 3548 col.
366 3503 426 3558 ⁵³²3
442 3525 470 3534 -
485 3496 635 3559 Dionysius
649 3496 779 3559 Exiguus.
790 3497 818 3544 in
831 3498 956 3546 versione
971 3499 1143 3548 Nicocnorum
1158 3513 1305 3560 canonum
1323 3501 1422 3562 ruigne,

300 3577 331 3626 P.
345 3577 383 3634 1.,
397 3579 417 3625 t.
431 3591 514 3634 nivii,
530 3575 582 3624 col.
599 3578 657 3634 1⁴93
672 3573 821 3632 -Prisce,
835 3577 908 3638 apud
922 3577 1024 3636 Mansi,
1040 3576 1174 3635 Consilia,
1188 3580 1209 3627 t.
1225 3593 1266 3636 vr,
1282 3578 1334 3627 col.
1348 3583 1421 3636 112&

301 3683 329 3691 -
341 3659 396 3704 tres
410 3655 469 3702 alite
481 3653 634 3712 versiones,
646 3669 744 3716 nempe
759 3654 849 3703 versio
860 3653 1013 3712 Caeciliana,
1024 3655 1256 3720 gattico-hispana
1270 3661 1298 3706 et
1310 3657 1420 3721 pellica,

299 3733 372 3796 apud
386 3733 524 3790 Meassen,
541 3730 700 3780 Gescliielite
714 3731 765 3781 dei·
779 3731 906 3790 Qusllen,
923 3735 986 3792 etc,
1002 3749 1028 3795 p.
1044 3738 1099 3793 ⁹05,
1115 3739 1174 3793 911,
1192 3739 1251 3794 sim
1269 3761 1296 3771 -
1312 3735 1422 3784 Cresco·

299 3813 374 3871 nius,
389 3809 560 3860 Breoiarium
572 3809 746 3868 canonicum,
759 3825 786 3858 n.
799 3813 843 3869 st,
857 3809 962 3872 Migue,
978 3811 1007 3859 P.
1019 3811 1057 3868 L„
1075 3815 1094 3861 t.
1111 3825 1239 3872 uxxvur,
1253 3813 1304 3862 col.
1318 3817 1377 3872 861;
1391 3841 1422 3851 -

299 3889 436 3948 Auxilius,
451 3889 490 3938 De
502 3887 725 3937 ordinationibus
739 3903 755 3937 a
769 3888 897 3937 Formosa
908 3903 981 3952 papa
994 3887 1084 3949 sactis,
1097 3903 1120 3939 c.
1132 3903 1210 3950 xxm3
1222 3891 1328 3953 Migue,
1339 3891 1368 3940 Ρ.
1381 3893 1419 3947 t..

300 3971 319 4016 t.
335 3983 426 4026 cxxix,
447 3967 498 4016 col.
517 3971 590 4024 loom
607 3993 637 4002 -
655 3965 753 4015 Petrus
772 3966 910 4024 Damiani,
930 3965 1012 4016 Liber
1031 3967 1082 4031 qui
1102 3967 1205 4018 dicitur
1228 3969 1419 4026 (iratissimus,

299 4063 322 4095 c.
337 4059 404 4104 xxiv,
419 4045 522 4108 Migne,
538 4045 568 4092 P.
585 4044 624 4100 L..
640 4047 660 4093 t.
677 4059 753 4102 cxiv,
769 4045 821 4093 col.
836 4049 892 4092 133.

330 4125 341 4160 ²
357 4124 458 4182 Mensi,
475 4121 610 4181 Concilio,
626 4125 647 4171 t.
660 4137 708 4180 xii,
725 4123 776 4170 col.
791 4127 860 4172 1021.

330 4205 341 4236 ³
357 4203 416 4252 Loe.
433 4201 488 4259 cit,
504 4215 527 4250 c.
542 4197 613 4259 xn‘rv,
629 4201 680 4249 col.
697 4203 766 4249 1068.

329 4283 340 4315 ⁴
358 4281 395 4330 De
407 4279 516 4338 ordine,
533 4283 603 4343 part.
620 4278 645 4338 l,
661 4293 687 4341 q.
704 4294 739 4338 iv,
755 4281 805 4328 art.
822 4285 849 4340 i,
866 4282 932 4346 sect.
949 4295 998 4340 vu,
1014 4295 1040 4344 p.
1059 4285 1111 4329 lut.
