3300 5056
358 479 412 534 226
628 479 671 530 DE
691 477 829 531 LEGIBUS
848 476 962 529 SAGRAE
981 476 1216 528 onulunnouls

359 631 508 691 currant.
550 623 617 703 Ita,
657 645 735 686 cum
772 621 956 688 Benedioto
993 619 1073 685 XIV
1086 624 1108 702 ¹,
1142 620 1333 684 communis
1370 619 1486 706 opinio

359 738 535 804 doctorum
548 741 571 803 ².

404 853 437 919 3ο
455 851 505 915 De
522 851 786 934 subdiaconatu,
808 849 987 914 diaconatu
1007 857 1041 913 ct
1054 849 1310 936 presbyteratu.
1331 885 1377 896 -
1396 845 1487 912 Con-

357 967 474 1031 cilium
493 964 600 1047 Trid.,
622 988 695 1053 cap.
717 964 862 1046 Nullus,
886 963 945 1044 12,
963 986 1047 1029 sess.
1069 962 1198 1044 XXIII,
1222 963 1272 1027 Da
1292 983 1378 1044 aar,
1400 971 1484 1050 prae-

358 1079 494 1168 scripsit
517 1085 654 1144 aetatem
677 1103 738 1168 pro
763 1078 817 1143 his
840 1077 1032 1160 ordinibus,
1055 1085 1094 1144 ut
1113 1071 1296 1165 sequitur:
1321 1076 1484 1142 «Nullus

357 1195 392 1260 in
422 1201 598 1282 posterum
626 1193 670 1260 ad
696 1194 960 1258 subdiaconatus
988 1191 1143 1256 ordInem
1174 1198 1253 1257 ante
1283 1192 1483 1276 viqesimum

355 1310 558 1392 secundum,
592 1308 636 1374 ad
671 1308 868 1398 diaconatus
904 1313 983 1371 ante
1016 1307 1216 1392 vipeaimum
1249 1305 1405 1388 tertium,
1440 1305 1484 1370 ad

352 1423 613 1510 presbyteratus
632 1429 711 1487 ante
731 1422 931 1507 oiqesimum
949 1421 1112 1506 quintum
1131 1419 1240 1485 aetatis
1260 1443 1330 1484 suoe
1353 1441 1482 1484 annum

356 1543 609 1625 promoveatur.
640 1563 655 1596 n
680 1535 795 1618 Unde,
822 1533 935 1624 quoad
960 1533 1242 1600 subdiaconatum
1266 1541 1299 1599 et
1323 1533 1483 1598 diacona-

356 1657 446 1732 tum,
479 1673 575 1716 eone.
606 1649 699 1716 Trid.
732 1649 910 1738 derogavit
940 1649 1156 1738 dispositioni
1186 1671 1288 1736 supra
1316 1648 1373 1713 cit.
1404 1670 1479 1734 cap.

273 1825 276 1832 .
357 1763 569 1846 Generalem,
587 1765 624 1846 3,
642 1765 693 1829 Da
713 1784 820 1830 amru
838 1785 878 1829 ar
897 1785 1073 1839 ooamrlra
1091 1783 1387 1842 rnnrrcrannonoa,
1405 1759 1481 1826 cle-

355 1885 461 1946 ment.
482 1917 527 1927 —
546 1878 597 1943 De
623 1901 690 1967 quo
714 1878 903 1944 notandum
923 1886 975 1944 est
994 1877 1149 1944 sufficere
1173 1900 1234 1965 pro
1259 1875 1403 1962 singulis
1427 1876 1479 1940 his

356 1989 531 2056 ordinibus
550 2014 679 2056 annum
698 2015 773 2058 esso
792 1994 995 2080 incoeptum,
1016 1999 1057 2057 ut
1075 1997 1209 2056 oonstat
1227 1997 1302 2056 tum
1319 2013 1385 2055 usu
1406 1990 1480 2054 uni·

354 2106 498 2170 versalis
514 2105 685 2188 Ecclesiae,
702 2114 776 2172 tum
790 2105 947 2194 pluribus
961 2107 996 2173 S.
1011 2105 1137 2193 Congr.
1151 2105 1255 2171 Conc.
1273 2105 1476 2192 responsis³,

353 2226 429 2284 tum
448 2219 566 2301 etiam,
585 2221 676 2308 quod
690 2229 822 2309 spectat
836 2221 880 2286 ad
895 2219 1177 2286 subdiaconatum
1191 2227 1226 2285 et
1244 2219 1476 2302 diaconatum,

354 2333 417 2398 hac
436 2333 584 2416 ratione,
601 2341 640 2399 ut
659 2334 789 2400 seilicet
807 2359 910 2423 quam
929 2335 1069 2400 minime
1084 2335 1265 2422 derogetur
1279 2333 1348 2421 juri
1367 2333 1479 2399 decre-

353 2447 490 2530 talium,
512 2447 625 2513 iacit.
649 2471 723 2536 cap.
747 2449 943 2514 Generalem
963 2455 1135 2515 contento.

398 2561 435 2625 I⁰
458 2561 508 2626 De
531 2563 735 2647 episcopatu.
758 2563 866 2628 —Ut
890 2586 993 2651 supra
1017 2563 1145 2628 dictum
1170 2568 1222 2627 est
1242 2561 1294 2652 (n.
1317 2563 1390 2649 83,
1411 2563 1475 2652 4⁰),

352 2697 447 2740 conc.
474 2675 588 2743 Later.
616 2675 681 2758 ΙΙΙ,
708 2699 783 2743 ean.
811 2678 899 2742 Cum
923 2679 958 2741 in
981 2679 1125 2761 cunctis,
1152 2678 1190 2759 3,
1216 2677 1366 2742 statuit:
1395 2677 1478 2743 «Ut

352 2789 469 2854 nullus
498 2790 533 2854 in
557 2790 755 2878 episcopum
781 2792 939 2880 eligatur,
970 2791 1037 2856 nisi
1064 2793 1126 2878 qui
1150 2793 1230 2878 jam
1262 2793 1476 2878 tripesimum

352 2925 482 2968 annum
512 2907 682 2990 caeperit,·
713 2933 728 2967 n
758 2906 817 2993 qui
848 2929 956 2971 canon
985 2907 1133 2971 insertus
1166 2913 1219 2972 ost
1249 2905 1476 2971 decretalibus

352 3015 523 3102 Gregorii,
546 3041 620 3106 cap.
645 3019 732 3082 Cum
753 3021 788 3084 in
807 3021 951 3104 cunctis,
974 3022 1007 3102 I,
1030 3021 1081 3086 Da
1099 3041 1284 3087 Enucrlona.
1306 3021 1475 3084 -Porro

351 3129 442 3194 hunc
462 3131 596 3196 concilii
619 3132 858 3199 Lateranensis
878 3157 1043 3200 canonem
1062 3135 1244 3200 concilium
1263 3135 1355 3202 Trid.
1377 3157 1477 3199 reno-

351 3244 447 3309 vavit
471 3251 504 3308 ot
527 3247 741 3312 confirmavit
764 3271 838 3337 cap.
860 3249 919 3312 Ad
939 3249 1204 3334 cathedralium,
1228 3249 1259 3330 Ι,
1286 3273 1372 3315 sess.
1393 3247 1473 3330 VII,

353 3356 403 3421 Da
423 3378 494 3424 aar.
519 3377 527 3425 :
550 3385 566 3420 o
589 3360 646 3424 Ad
665 3361 913 3427 cathedralium
932 3363 1153 3428 ecclesiarum
1171 3363 1323 3452 regImen
1342 3363 1473 3444 nullm,

351 3471 418 3535 nisi
441 3494 483 3536 ox
506 3473 659 3560 legitimo
679 3477 895 3542 matrimonio
916 3484 1034 3559 natuS,
1057 3485 1092 3543 et
1110 3486 1205 3543 atate
1225 3487 1377 3562 matura,
1399 3501 1476 3565 gra-

351 3584 457 3650 vitate
481 3609 670 3671 morum...,
695 3588 796 3676 juxta
820 3591 1101 3656 constitutionem
1121 3590 1309 3680 Alexandri
1331 3591 1396 3673 111,
1418 3592 1475 3678 qui

350 3697 470 3786 incipIt
490 3700 577 3765 Cum
598 3703 632 3766 in
651 3704 796 3786 cunctis,
819 3703 854 3768 in
874 3705 1016 3770 coneilio
1036 3704 1258 3771 Lateranensi
1281 3705 1475 3792 promulga-

350 3817 438 3894 tam,
459 3814 622 3900 praeditus
642 3823 846 3882 assumatur.
872 3845 888 3878 »
909 3855 954 3868 -
976 3818 1026 3883 De
1049 3841 1116 3906 quo
1140 3817 1329 3884 notandum
1350 3825 1402 3884 est
1420 3817 1474 3882 hic

384 4056 392 4090 ¹
411 4056 496 4118 Epist.
514 4059 552 4108 Eo
571 4060 708 4124 quamvis,
726 4065 738 4109 l
760 4063 822 4111 maii
842 4065 916 4121 lm,
936 4063 975 4111 De
996 4063 1094 4113 ritibus
1114 4063 1293 4128 Copbtorum,
1314 4069 1385 4124 §tm
1401 4063 1475 4114 Ball.

352 4135 460 4192 Bened„
478 4139 497 4184 l.
514 4152 534 4195 ι,
551 4153 577 4185 n.
593 4143 649 4188 129.
746 4171 751 4180 ·

382 4214 393 4248 ²
408 4215 490 4276 Apud
506 4215 626 4278 nigranti,
645 4217 695 4266 loc.
712 4217 768 4278 cn„
784 4235 810 4268 n.
828 4225 849 4268 7.

383 4291 394 4326 ³
410 4293 491 4356 Apud
507 4293 624 4355 GiraldI,
639 4299 709 4358 part.
726 4296 764 4358 II,
781 4303 846 4348 sect.
863 4315 910 4358 on,
927 4315 953 4362 p.
968 4305 1021 4348 966.
