3238 5052
348 425 398 476 456
683 427 727 476 ΒΕ
746 426 876 476 uulnus
895 425 1132 475 onnlxnnos'ls

348 569 487 628 futurum
515 569 708 650 episcopum.
733 569 822 628 Unde
850 568 916 628 trac
941 567 1041 643 bulla,
1060 569 1148 648 juxta
1176 567 1272 647 ipsam
1297 568 1470 634 rubricam,

298 671 302 679 ’
348 675 461 750 tegitur
489 675 520 732 in
547 681 692 748 extenso,
722 682 889 755 antequam
922 673 1049 753 incipiat
1084 673 1287 732 consecratio.
1317 710 1356 716 —
1389 674 1474 732 Huic

347 789 450 839 autem
477 780 602 838 lectioni
628 780 741 860 prumia
763 788 810 838 est
833 778 1040 838 Praesentatio
1060 777 1278 846 consecrandi,
1299 779 1347 837 his
1369 779 1473 838 verbis

348 885 427 944 taeta
449 902 455 944 :
478 915 491 936 u
516 885 786 944 Reverendissime
807 885 910 956 Pater,
932 884 1086 964 postulat,
1112 891 1191 955 etc.;
1211 909 1224 935 υ
1245 884 1298 963 qni
1324 884 1402 942 ritus
1426 893 1474 943 sat

346 991 493 1070 antiquus
520 997 582 1062 est,
611 1011 682 1049 cum
708 989 772 1068 jam
806 990 979 1069 reperiatur
1011 989 1040 1046 in
1070 987 1256 1069 ,I'ontifieati
1285 987 1470 1064 Bisuntino,

346 1095 425 1154 eirea
443 1115 493 1154 an.
513 1095 623 1154 now.

386 1201 418 1258 3⁰
435 1199 600 1260 Pra’stauo
614 1199 796 1280 juramenti
809 1199 852 1259 at)
866 1199 987 1260 Eiecto.
1006 1234 1043 1242 —
1062 1197 1195 1257 Ponitur
1209 1198 1320 1258 deinde
1337 1199 1469 1258 formula

343 1305 529 1386 juramenti,
546 1305 631 1386 quod
647 1305 789 1364 emittere
809 1305 902 1364 debet
925 1305 1044 1364 electus
1063 1324 1168 1364 coram
1188 1312 1424 1374 consecratore,
1446 1305 1470 1362 si

346 1410 375 1468 id
393 1411 536 1469 statuerit
552 1411 582 1468 in
599 1411 730 1490 praefato
746 1408 896 1470 Mandato
912 1408 1094 1490 ,tpostoliro
1110 1409 1271 1468 Romanus
1288 1409 1434 1468 Pontifex
1446 1408 1469 1467 ².

347 1514 448 1574 Prima
470 1514 602 1574 formula
626 1515 719 1595 hujus
737 1515 906 1594 juramenti
934 1515 1092 1574 invenitur
1111 1515 1142 1572 in
1162 1535 1230 1594 cap.
1253 1513 1323 1596 Epo
1344 1513 1385 1572 N.
1407 1513 1471 1594 epi-

345 1640 471 1700 scopus,
494 1621 528 1691 4,
552 1621 596 1679 Dr.
617 1639 840 1692 tuscanensem
864 1642 933 1700 quar
956 1619 1089 1680 formula
1113 1618 1278 1678 tribuenda
1300 1627 1362 1689 est,
1380 1619 1470 1700 juxta

347 1723 506 1783 meliorem
523 1725 714 1805 opinionem,
733 1727 764 1784 S.
780 1725 934 1804 Gregorio
948 1725 1018 1794 t'll,
1036 1726 1101 1805 qui,
1118 1726 1148 1783 in
1165 1724 1298 1784 concilio
1315 1725 1469 1792 Romano,

345 1851 395 1888 an.
417 1832 490 1890 unu
501 1829 523 1900 ³,
539 1830 598 1888 hoc
610 1831 823 1910 juramentum
840 1830 1028 1910 prescripsit
1043 1851 1102 1910 pru
1117 1830 1359 1909 metropolitano
1375 1831 1472 1910 Aqui·

346 1935 464 2003 leiensi,
482 1935 533 2014 qui
548 1955 563 1993 a
581 1935 671 1994 ltom.
690 1935 842 1994 Pontisrce
857 1935 1123 1995 consecrationem
1140 1935 1278 2015 recipere
1293 1935 1470 1994 tenebatur.

348 2041 429 2098 Hinc
451 2039 595 2118 Gregorii
618 2039 676 2100 Vll
704 2061 898 2100 successores
922 2040 1000 2100 illud
1025 2041 1117 2100 etiam
1145 2041 1244 2099 emitti
1267 2041 1430 2121 jusserunt
1454 2061 1470 2098 a

346 2145 457 2203 ceteris
484 2145 733 2226 metropolitanis
765 2145 817 2225 qui
849 2168 865 2204 a
892 2145 971 2205 Sede
1002 2145 1174 2226 apostolica
1203 2145 1470 2204 consecrationem

347 2250 394 2308 vel
417 2250 544 2330 pallium
568 2251 705 2331 recipere
732 2251 929 2323 tenebantur,
948 2259 1055 2330 postea
1076 2251 1114 2310 ab
1134 2251 1279 2310 omnibus
1299 2250 1471 2330 episcopis,

346 2355 471 2435 quando
496 2357 634 2414 omnium
661 2355 780 2416 sedium
805 2356 1027 2435 episcopalium
1054 2355 1191 2436 provisio
1216 2356 1247 2414 S.
1275 2355 1346 2414 Sedi
1370 2375 1473 2414 reser-

347 2469 417 2520 vata
433 2469 490 2521 est.
508 2498 547 2504 —
565 2461 708 2521 Formula
722 2461 891 2542 juramenti
912 2461 997 2520 varia
1018 2461 1224 2532 incrementa,
1242 2460 1374 2520 decursu
1398 2470 1475 2520 tem-

348 2587 474 2646 porum,
493 2567 645 2646 suscepit,
663 2589 692 2626 v.
711 2589 754 2644 g,
771 2567 851 2626 circa
868 2567 1022 2626 visitanda
1036 2565 1164 2626 Limina
1179 2565 1367 2646 apostolica,
1385 2587 1475 2625 oeca-

348 2672 433 2729 sione
454 2671 531 2730 Sixti
553 2672 580 2728 V
602 2671 694 2731 bullae
712 2672 869 2731 Itomanns
892 2670 1058 2750 Pontifex,
1077 2675 1115 2729 20
1135 2671 1201 2730 dec.
1229 2673 1318 2740 1585,
1341 2670 1476 2751 speciale

344 2777 557 2856 juramentum
575 2777 632 2836 hac
647 2777 685 2835 de
698 2799 734 2835 rc
751 2777 981 2856 praescribentis
993 2778 1014 2836 ⁴.

394 2881 420 2938 1⁰
436 2881 578 2941 Exarrrcn
602 2881 715 2942 Eteeu'.
738 2919 778 2926 -
798 2883 947 2962 Sequitur
966 2903 1099 2940 ecana-en
1115 2882 1229 2952 Electi,
1247 2903 1358 2962 nempe
1378 2882 1475 2940 series

350 2987 627 3063 interrogationum
658 2995 721 3046 tum
750 2988 830 3047 circa
856 2986 947 3047 fidem
975 2988 1057 3067 ejus,
1082 2995 1147 3046 tum
1172 2987 1254 3046 circa
1281 2987 1474 3046 voluntatem

349 3092 417 3170 rjus
433 3091 615 3170 proficiendi
633 3093 662 3150 in
679 3093 859 3152 virtutibus.
877 3093 1031 3166 Erarnen,
1048 3091 1138 3171 quale
1155 3113 1238 3151 nunc
1254 3093 1378 3171 legitur,
1395 3092 1476 3150 anti-

383 3287 388 3318 ¹
408 3287 544 3342 ttturtcnc,
561 3305 586 3350 p.
601 3294 639 3336 oo.

380 3365 390 3398 ²
409 3366 467 3414 ttoc
478 3367 662 3429 juramcntmn
679 3369 788 3416 omniuo
799 3368 936 3414 diversum
952 3371 994 3414 cst
1009 3383 1023 3414 a
1036 3366 1208 3430 professione
1224 3367 1297 3428 fidei,
1310 3381 1390 3429 quam
1404 3366 1476 3414 tutu-

350 3459 394 3490 rus
409 3446 553 3507 episcopus
569 3447 693 3494 emittere
708 3446 789 3494 debet
812 3446 882 3494 intra
898 3446 985 3507 ipsum
998 3461 1157 3508 processum
1178 3443 1382 3506 insormatirum
1399 3445 1476 3492 insti-

350 3522 446 3570 tutioni
462 3525 598 3572 canonicae
614 3525 754 3586 proevium.

380 3602 390 3634 ³
408 3601 510 3662 Mignc,
528 3603 611 3658 1’.L.,
628 3607 647 3651 t.
664 3619 771 3655 urimur.
788 3603 838 3650 cot.
854 3607 978 3650 sia-813.

380 3679 448 3727 *De
468 3681 519 3728 hoc
535 3681 703 3742 juramento,
720 3681 754 3729 ct.
768 3681 942 3738 Thomassin,
964 3680 1125 3744 Discipline,
1145 3686 1206 3732 etc..
1229 3685 1297 3743 part.
1315 3681 1351 3739 11,
1373 3681 1418 3727 tir.
1435 3679 1472 3734 u,

349 3773 372 3804 c.
389 3773 533 3816 xciv-xum,
550 3761 592 3808 cd.
613 3765 677 3817 tutta,
695 3765 714 3808 t.
729 3776 763 3816 rr,
780 3775 806 3822 p.
821 3764 931 3808 -tst-tot.
946 3759 1083 3816 -Quoad
1099 3759 1185 3822 ipsum
1200 3758 1390 3809 substantiam,
1401 3760 1474 3820 J'ura·

350 3841 470 3883 mentum
486 3837 537 3884 troc
553 3839 713 3885 obedientiae
726 3840 781 3900 jam
798 3838 824 3884 in
840 3853 890 3884 usu
906 3841 963 3885 erut
979 3841 1102 3899 tempore
1115 3837 1236 3898 Gregorii
1252 3835 1274 3883 lt
1290 3837 1341 3898 (cui
1355 3836 1382 3884 S.
1397 3836 1474 3885 Boni-

350 3917 446 3966 tacius.
468 3915 502 3962 ab
525 3917 584 3978 ipso
606 3917 747 3964 ordinatus
768 3917 927 3977 episeopus.
946 3917 1131 3978 juramentum
1151 3916 1293 3978 preastitit,
1314 3915 1391 3978 cujus
1412 3914 1472 3961 side

350 3994 491 4041 t'ormutum
512 3995 584 4056 apud
602 3995 704 4055 nune,
725 3995 754 4042 Ρ.
772 3995 810 4050 L.,
832 3997 851 4042 t.
870 3993 1130 4055 1.rxx1x,cor.s03);
1152 3994 1193 4041 cui
1211 3995 1366 4056 juramento
1383 3993 1472 4040 forsan

350 4073 519 4120 occasionem
535 4073 611 4120 dedit
625 4073 652 4121 S.
669 4072 816 4134 Gregorius
832 4071 959 4132 Magnus,
975 4073 1021 4133 qui
1041 4073 1076 4119 ab
1096 4073 1233 4134 episcopis
1252 4071 1351 4124 Istriae,
1366 4087 1381 4118 a
1400 4071 1471 4119 schi-

350 4155 435 4198 smate
451 4151 577 4204 reductis,
591 4151 774 4212 juramentum
791 4150 916 4212 exigebat
932 4150 1008 4210 (ride
1023 4151 1165 4198 termulum
1182 4151 1253 4212 apud
1269 4149 1371 4210 Migne,
1388 4149 1417 4198 Ρ.
1433 4149 1472 4206 L.,

350 4231 369 4276 t.
386 4243 485 4286 rnrxru,
503 4229 553 4277 cot.
572 4230 735 4293 ran-iare).
