3294 5054
444 499 487 549 DE
505 499 770 559 annuoulslus
788 498 832 548 AD
852 500 1105 551 unumunurn
1282 500 1338 554 367

210 643 291 730 qnia
310 641 404 706 bulla
426 641 548 729 plectit
568 643 802 725 ordinantem,
825 649 860 707 et
880 665 990 729 poenm
1014 643 1265 709 strictissimam
1284 645 1338 709 in-

209 755 490 842 terpretationem
509 756 689 842 recipiunt.

255 869 295 934 B.
311 869 487 933 Posterior
504 891 612 934 cesus.
632 907 678 918 —
697 869 752 934 sie
769 870 934 934 stamitur
953 871 988 935 in
1007 881 1117 938 const.
1135 874 1339 960 Apostotice

207 983 321 1064 Sedis,
345 983 396 1046 Dn
414 1003 694 1061 susrmsiomnus,
721 1006 757 1047 n.
779 983 827 1050 l:
859 1009 875 1042 α
901 983 1169 1071 Suspensiouem
1193 1009 1254 1075 per
1276 1010 1338 1052 an-

210 1119 292 1160 num
312 1119 331 1160 a
351 1095 533 1161 collatione
553 1096 711 1160 ordinum
728 1097 804 1184 ipso
819 1097 896 1183 jure
916 1098 1075 1180 incurrit,
1098 1101 1172 1187 qui,
1194 1109 1340 1187 excepto

211 1231 292 1274 essu
309 1208 456 1296 legitimi
474 1209 657 1296 privilegii,
673 1209 828 1274 ordinem
844 1233 979 1274 sacrum
998 1212 1191 1294 contulerit,
1208 1213 1337 1301 absque

209 1321 310 1387 titulo
330 1321 485 1386 beneficii
504 1321 560 1386 vel
583 1323 796 1409 patrimonii,
815 1322 940 1388 clerico
959 1325 995 1388 in
1015 1325 1129 1414 aliqua
1152 1349 1338 1414 cougrega-

210 1436 302 1500 tione
321 1435 464 1516 viventi,
485 1435 521 1499 in
541 1459 608 1523 qua
627 1437 791 1501 solemnis
810 1437 974 1523 professio
993 1462 1063 1504 non
1081 1441 1262 1521 emittitur,
1283 1440 1340 1505 vel

210 1549 313 1614 etiam
331 1549 491 1636 religioso
510 1550 662 1614 nondum
682 1551 846 1637 professo.
869 1551 1006 1638 »Origo
1024 1552 1125 1640 hujus
1146 1554 1338 1641 suspensio·

208 1662 264 1726 nis
278 1661 456 1726 referenda
475 1669 528 1728 est
546 1663 590 1727 ad
608 1663 643 1728 S.
666 1663 766 1727 Pium
791 1663 838 1744 V,
863 1665 941 1751 qui,
967 1665 1003 1728 in
1026 1672 1137 1731 const.
1163 1667 1340 1732 Romanus

210 1775 385 1860 Pontifex,
407 1775 461 1840 die
482 1777 522 1840 ll
541 1783 610 1854 oct.
634 1776 719 1842 1568
732 1780 754 1856 ¹,
775 1776 864 1841 hanc
887 1799 1025 1863 poenem
1045 1779 1079 1843 in
1099 1777 1218 1844 eodem
1237 1801 1334 1861 casu,

209 1872 402 1954 restrictam
425 1895 538 1954 tamen
561 1889 606 1954 ad
627 1889 848 1955 collationem
864 1890 1024 1955 ordinum
1047 1915 1240 1974 sacrorum,
1260 1917 1338 1958 san·

210 2001 304 2066 civit.
333 2001 400 2066 Per
423 2002 496 2066 hine
524 2002 657 2068 verbu:
688 2029 705 2063 n
737 2003 911 2090 Religioso
939 2005 1094 2069 nondum
1117 2011 1291 2091 professo,
1319 2035 1335 2068 »

111 2191 116 2202 ,
210 2113 427 2201 intelligitur,
448 2122 487 2180 ut
505 2121 616 2203 petet,
638 2117 791 2180 nondum
809 2116 963 2204 professo
981 2119 1188 2183 solemniter.

258 2358 353 2426 151.
372 2397 417 2408 -
437 2359 473 2422 20
496 2359 544 2422 De
564 2382 665 2444 pene
688 2362 899 2444 pecuniario.
922 2347 1175 2448 -Episcopus
1195 2363 1253 2450 qui
1275 2385 1337 2427 sue

210 2471 311 2556 culpe
327 2472 474 2537 contulit
493 2473 647 2536 ordinem
664 2495 801 2538 sacrum
820 2473 942 2538 clerico
961 2475 1032 2538 sino
1051 2476 1152 2538 titolo
1172 2476 1334 2560 beneficii,

212 2591 347 2648 tenetur
370 2586 468 2649 illum
496 2594 702 2668 sustentare,
726 2587 790 2650 nisi
807 2587 950 2651 clericus
968 2588 1010 2651 de
1027 2589 1097 2652 suis
1116 2589 1168 2651 vel
1182 2590 1338 2673 paternis

210 2697 308 2761 honis
328 2698 451 2762 helem
470 2699 559 2762 unde
576 2707 796 2764 sustentetur.

227 2853 228 2856 =
255 2812 300 2876 A.
326 2811 589 2877 Demonstretur
612 2821 779 2878 assertum
804 2835 816 2880 :
842 2812 872 2878 l.
901 2812 985 2902 Cap.
1008 2815 1087 2878 Non
1112 2815 1203 2897 licet,
1225 2815 1263 2896 2,
1286 2815 1339 2879 Du

210 2945 417 2991 rnnsnnois:
445 2953 461 2986 (ι
488 2927 567 2991 Νοη
590 2927 667 2990 ticet
697 2928 760 2991 niti
785 2929 936 3013 episcopo
964 2929 1122 2992 ordinere
1146 2929 1282 2993 clericos
1303 2937 1337 2992 et

208 3039 257 3103 eis
277 3040 389 3104 nntius
404 3041 582 3124 stimonios
596 3049 780 3126 perustam
798 3043 859 3106 sed
876 3021 1020 3106 duorum
1041 3042 1186 3106 alterum
1198 3041 1305 3130 eligat
1327 3064 1334 3108 :

210 3153 268 3218 vel
286 3175 354 3218 non
373 3153 475 3219 iaciat
493 3153 646 3234 clericos,
668 3157 736 3236 vel,
756 3155 788 3219 si
805 3155 934 3236 fecerit,
952 3156 1010 3220 dot
1029 3155 1098 3220 illis
1113 3155 1203 3220 unde
1221 3157 1337 3222 vivere

211 3267 360 3354 possint;
384 3295 401 3330 n
423 3269 458 3331 in
478 3291 545 3356 quo
564 3291 693 3333 canone
713 3271 850 3356 ponitur
868 3270 1085 3357 principium,
1107 3292 1229 3358 nempe
1247 3269 1337 3334 obti-

211 3381 320 3469 gatio,
348 3405 415 3470 qun
442 3383 607 3469 premitur
635 3383 831 3471 episcopus,
866 3383 1068 3471 providendi
1095 3385 1337 3450 sustentationi

211 3495 428 3577 clericorum,
449 3519 535 3583 quos
559 3497 595 3560 in
622 3497 726 3562 sacris
750 3498 937 3578 ordinavit,
960 3535 1003 3548 —
1026 3497 1059 3563 2.
1085 3496 1170 3585 Cup.
1198 3499 1337 3584 Episco-

207 3631 292 3694 pus,
325 3611 362 3691 l,
392 3610 468 3676 eod.
497 3611 581 3677 tit:
617 3638 633 3670 α
662 3611 868 3699 EpiscopuS,
903 3613 931 3677 si
964 3611 1113 3699 aliquem
1141 3613 1220 3686 sine¹
1244 3621 1337 3677 certo
1452 3612 1457 3621 ’

210 3723 329 3806 titulo,
351 3723 393 3789 de
414 3747 485 3812 quo
507 3725 700 3791 necessaria
721 3726 801 3790 vitae
820 3726 1000 3814 percipiat,
1022 3727 1057 3790 in
1076 3725 1257 3790 diaconum
1278 3727 1337 3791 vel

211 3836 448 3925 presbyterum
470 3839 697 3919 ordinaverit,
730 3841 862 3904 tamdiu
891 3841 923 3903 ei
954 3841 1138 3904 necessarie
1167 3841 1337 3905 solemni-

211 3959 313 4035 stret,
341 3953 444 4016 donec
475 3953 509 4016 in
539 3953 655 4040 atique
687 3953 820 4018 ecclesie
851 3955 881 4018 ei
913 3955 1139 4018 convenientia
1170 3955 1336 4040 stipendia

212 4065 342 4129 mititiae
358 4066 525 4131 clericatis
552 4068 720 4152 nmiqnct,·
739 4069 805 4132 nisi
830 4069 909 4132 tatis
931 4069 1111 4132 ordinatus
1136 4069 1261 4132 desua
1286 4069 1337 4132 vet

244 4301 253 4334 ¹
274 4300 343 4349 nati.
360 4301 445 4358 Item„
462 4305 481 4350 t.
498 4307 619 4364 1v,pnrt.
636 4309 663 4360 ³,
679 4318 706 4366 p.
723 4306 814 4352 te-u.
