3290 5060
374 531 424 584 100
639 533 684 583 DE
702 532 841 584 LEGIBUS
860 533 975 584 SACRAE
994 533 1232 586 ORDINATIONIS

372 685 455 756 tere,
471 676 549 763 quia
570 697 637 740 non
657 673 759 740 habet
778 675 987 740 domicilium
1006 677 1194 766 proprium,
1212 701 1274 743 nec
1292 684 1399 765 pater,
1418 680 1497 768 quia

371 792 412 856 de
443 789 531 855 facto
563 789 653 854 hunc
684 812 799 854 casum
830 813 899 854 non
927 791 1178 879 contemplatur
1207 790 1301 856 bulla
1329 791 1500 858 Innocen-

368 907 493 970 tiana¹.
523 943 567 954 —
593 903 660 969 Sed
691 903 762 968 haee
790 903 944 969 doctrina
970 926 1038 968 non
1067 904 1202 970 videtur
1233 904 1437 993 probabilis;
1467 907 1498 971 si

370 1021 460 1084 enim
482 1020 716 1107 juramentum
741 1041 809 1082 non
837 1018 1028 1106 requiratur
1050 1042 1111 1107 pro
1135 1019 1307 1084 domicilio
1334 1027 1494 1108 paterno,

369 1158 431 1200 nec
450 1135 552 1200 etiam
567 1157 627 1222 pro
647 1133 706 1197 illo
726 1133 939 1221 requirentur
957 1131 1031 1197 aliae
1046 1133 1241 1222 qualitates,
1256 1157 1378 1222 nempe
1397 1133 1496 1200 hahi-

368 1250 452 1313 tatio
476 1247 686 1329 decennalis,
713 1246 891 1312 translatio
914 1247 1051 1336 majoris
1075 1249 1183 1335 partis
1206 1247 1388 1330 bonorum,
1410 1255 1492 1321 etc„

368 1364 446 1452 quia
466 1363 528 1428 has
546 1362 730 1451 qualitates
754 1368 788 1426 et
808 1361 920 1449 ipsum
939 1362 1173 1450 juramentum
1192 1364 1226 1426 in
1247 1363 1366 1428 eodem
1385 1363 1494 1450 gradu

368 1477 554 1565 eodemque
578 1475 679 1540 modo
703 1475 891 1564 praescribit
914 1476 1007 1542 bulla
1032 1477 1276 1562 Speculatores.
1301 1477 1405 1541 Porro
1428 1477 1493 1541 hoc

367 1615 467 1656 nemo
486 1613 639 1679 unquam
659 1590 764 1670 dixit;
787 1591 855 1655 imo
876 1613 994 1655 omnes
1013 1590 1137 1656 docent
1152 1591 1362 1656 domicilium
1381 1598 1493 1679 pater-

366 1729 460 1779 num,
482 1713 521 1770 ut
539 1705 699 1794 prodesse
719 1705 827 1794 possit
847 1705 889 1770 ad
909 1705 1156 1770 ordinationem
1176 1705 1253 1786 filii,
1276 1704 1397 1772 debere
1416 1728 1492 1769 esse

265 1836 271 1845 ·
366 1821 536 1886 munitum
565 1818 787 1908 qualitatibus
818 1842 837 1884 a
867 1818 963 1885 bulla
990 1820 1181 1908 requisitis;
1211 1843 1291 1908 ergo
1318 1825 1352 1884 et
1378 1820 1492 1907 ipsum

361 1934 596 2018 juramentum
620 1934 730 1998 emitti
755 1956 895 1998 necesse
919 1941 988 2016 est,
1014 1957 1084 1998 non
1108 1958 1127 1998 a
1150 1933 1237 2016 lilio,
1259 1933 1301 1998 de
1325 1956 1392 2022 quo
1420 1955 1490 1997 non

366 2049 487 2132 agitur,
510 2048 608 2112 seda
628 2051 752 2136 patre¹.

409 2162 443 2225 2⁰
458 2163 569 2250 Hujus
582 2162 768 2251 juramenti
786 2163 845 2227 vix
864 2168 917 2227 est
935 2184 1017 2227 usus
1032 2163 1066 2226 in
1082 2161 1212 2242 Gallia;
1229 2162 1314 2226 ratio
1329 2167 1380 2226 est
1396 2161 1488 2248 quia,

364 2285 402 2340 ut
422 2275 508 2340 inlra
527 2276 670 2358 dicetur,
692 2299 727 2342 n.
744 2277 813 2364 49,
834 2277 1014 2365 episcopus
1029 2275 1191 2340 domicilii
1210 2298 1277 2340 non
1298 2274 1385 2340 solet
1400 2275 1491 2339 ordi-

363 2413 443 2454 nare
464 2389 638 2455 subditum
653 2391 726 2456 siue
741 2391 862 2456 litteris
878 2390 1165 2479 excorporationis
1180 2389 1222 2455 ab
1242 2389 1401 2476 episcopo
1421 2390 1490 2453 ori-

362 2505 451 2590 ginis
471 2505 630 2592 acceptis.
648 2505 746 2572 Unde
765 2505 804 2571 lit
824 2512 878 2586 ut,
900 2505 1004 2570 etiam
1023 2505 1159 2594 quando
1179 2503 1358 2592 episcopus
1378 2503 1489 2568 domi-

362 2619 430 2683 cilii
454 2618 589 2684 ordinat
612 2619 787 2684 subditum
810 2619 883 2684 sine
907 2619 960 2684 his
984 2619 1123 2702 litteris,
1145 2619 1381 2706 juramentum
1404 2640 1488 2707 prae-

362 2733 491 2798 dictum
511 2755 580 2798 non
600 2733 766 2820 exigatur.
788 2734 921 2798 —Hoc
937 2757 1036 2822 porro
1048 2733 1281 2820 juramentum
1297 2755 1365 2796 non
1382 2733 1485 2820 exigi,

362 2847 496 2936 quando
521 2847 731 2913 domicilium
754 2848 981 2916 clarissimum
1005 2855 1074 2930 est,
1098 2871 1132 2912 v.
1156 2869 1205 2934 g.‚
1230 2847 1366 2935 quando
1390 2856 1488 2934 pater

362 2968 592 3027 commoratur
620 2962 655 3026 in
685 2963 760 3027 loco
791 2985 810 3026 a
839 2961 1033 3050 quindecim
1063 2970 1122 3027 aut
1151 2961 1274 3050 viginti
1304 2962 1419 3042 annis,
1451 2963 1486 3027 in

361 3075 536 3141 instructis
568 3075 713 3158 aedibus,
750 3076 886 3140 tolerari
923 3077 1075 3164 potest³;
1115 3099 1183 3140 non
1221 3098 1314 3156 vero,
1349 3075 1486 3163 quando

361 3189 570 3254 domicilium
598 3213 666 3254 non
700 3190 747 3255 ita
780 3189 908 3254 clarum
942 3197 1005 3254 est.
1035 3227 1078 3238 —
1105 3187 1264 3254 Ceterum
1299 3189 1486 3256 inolescere

361 3327 460 3391 posse
485 3304 766 3369 consuetudinem
790 3311 907 3369 contra
927 3303 1055 3369 bullam
1075 3303 1324 3389 Speculatores,
1346 3299 1486 3392 pra‘ser-

360 3419 422 3482 tim
442 3419 477 3484 in
496 3418 597 3483 rebus
616 3417 756 3483 minoris
774 3418 955 3500 momenti,
976 3439 1044 3484 non
1065 3426 1118 3483 est
1132 3417 1285 3484 dubium.

393 3622 400 3654 ¹
421 3621 460 3670 lta
477 3621 598 3686 Riganti,
612 3622 645 3672 ln
660 3621 784 3686 reputem
798 3624 828 3670 tt
844 3621 1035 3682 Cancellariae,
1052 3627 1064 3683 ς
1079 3627 1102 3681 3,
1119 3638 1145 3671 n.
1157 3627 1195 3680 51,
1213 3625 1232 3672 t.
1246 3637 1277 3682 n,
1294 3637 1320 3686 p.
1333 3626 1392 3681 351;
1413 3651 1441 3660 -
1457 3627 1487 3673 et

360 3701 501 3764 llnspnrri,
521 3716 547 3748 n.
563 3705 622 3758 8³³,
638 3715 665 3763 p.
680 3706 734 3750 1⁰6.

390 3779 401 3813 ²
418 3779 459 3827 lta
472 3780 554 3828 etiam
567 3779 734 3834 Honornntc.
746 3794 769 3828 c.
779 3795 813 3840 rx,
825 3781 882 3829 not.
892 3783 914 3838 Ἰ,
926 3795 952 3843 p.
966 3785 1024 3840 100;
1038 3807 1064 3816 -
1078 3779 1180 3838 Lucili,
1193 3794 1218 3827 ιι.
1229 3785 1267 3838 91,
1279 3784 1318 3838 92,
1331 3794 1358 3842 p.
1368 3784 1484 3830 166-167.

392 3857 402 3892 ³
418 3857 474 3906 Nec
489 3857 622 3907 diltltetur
635 3857 693 3920 ipse
709 3857 815 3917 lucidi,
833 3857 911 3916 ibid„
927 3873 953 3907 n.
968 3865 1007 3908 9³.
