3300 5056
328 451 378 502 ¹74
592 453 636 502 DE
655 452 793 504 LEGIBUS
813 455 927 505 SACRAE
945 456 1182 508 onnlmnoms

325 597 360 660 in
379 619 469 661 nova
488 594 641 676 dioeoesi,
662 603 698 662 et
715 604 874 683 parentes
893 597 984 684 ejus,
1002 623 1146 688 quorum
1165 601 1327 666 domicilii
1345 604 1444 690 parti

325 733 404 797 ceps
428 715 496 792 est,
524 709 633 774 adhuc
659 709 693 774 in
720 711 825 798 priori
850 712 1005 796 dioecesi,
1026 713 1083 778 vel
1107 713 1206 796 alibi,
1234 739 1450 782 commoran-

325 837 390 893 tur.
414 826 458 890 Et
476 847 593 890 revera
612 823 681 889 tale
700 824 934 913 juramentum
957 850 1026 892 non
1050 828 1210 914 exigitur,
1231 853 1310 894 cum
1332 831 1446 918 praeci·

323 945 437 1032 piatur
461 939 698 1005 tantummodo
720 939 954 1026 juramentum
977 943 1022 1006 ad
1046 944 1155 1008 instar
1178 944 1290 1028 iltius,
1315 952 1381 1011 etc.
1403 983 1447 993 -

322 1058 421 1126 Unde
449 1053 575 1120 sufficit
602 1061 640 1117 ut
672 1077 784 1119 novus
811 1054 969 1122 subditus
992 1057 1213 1145 jurejurando
1241 1058 1387 1125 affirmet
1409 1083 1446 1126 se

322 1195 382 1261 per
414 1177 523 1235 totam
553 1167 658 1233 vitam
690 1191 786 1234 suam
819 1191 1081 1256 permansurum
1111 1195 1186 1238 esse
1216 1172 1281 1238 sub
1306 1174 1447 1261 jurisdi-

322 1287 432 1353 ctione
464 1283 546 1349 novi
578 1282 747 1371 episcopi,
780 1291 834 1364 et,
867 1284 932 1350 sub
967 1285 1041 1374 ejus
1066 1285 1279 1370 directione,
1311 1287 1445 1352 labores

321 1425 401 1467 suos
428 1400 662 1485 impensurum
689 1397 724 1462 in
754 1399 894 1463 servitio
922 1399 1093 1466 dioecesis.
1122 1439 1166 1450 -
1194 1400 1260 1466 Ubi
1287 1402 1354 1468 duo
1381 1426 1445 1467 no-

320 1508 423 1576 tanda
447 1527 456 1574 :
483 1510 514 1574 l.
540 1505 636 1570 Licet
661 1527 772 1570 novus
798 1504 955 1571 subditus
980 1507 1093 1572 omnia
1120 1529 1223 1572 onera
1248 1509 1440 1591 contrabat,

319 1622 444 1712 quibus
467 1620 725 1706 adstringuntur
747 1620 852 1684 ceteri
876 1618 1005 1685 subditi
1034 1620 1205 1702 diaecesis,
1233 1644 1302 1687 non
1328 1629 1442 1689 tamen

319 1737 447 1826 majora
466 1734 659 1814 contrahit;
680 1733 787 1815 unde,
810 1733 898 1800 sicut
917 1733 1045 1800 subditi
1063 1742 1224 1822 possunt,
1246 1759 1324 1802 cum
1344 1738 1442 1802 lieen-

319 1855 364 1917 tia
383 1853 437 1917 sui
455 1851 616 1936 episcopi,
638 1870 776 1936 operam
800 1871 897 1914 suam
921 1871 1046 1914 navare
1066 1847 1110 1914 ad
1128 1856 1266 1938 tempus
1283 1851 1341 1916 alii
1358 1851 1441 1928 ¹dioe-

317 1967 402 2046 cesi,
432 1965 488 2030 vel
516 1963 648 2050 ingredi
681 1962 832 2050 aliquam
864 1963 1182 2051 congregationem,
1214 1965 1262 2030 sic
1289 1965 1440 2053 prolecto

317 2080 441 2170 poterit
460 2101 569 2143 novus
589 2075 769 2156 subditus;
787 2075 1023 2162 juramentum
1043 2077 1135 2142 enim
1161 2077 1236 2165 ejus
1255 2101 1324 2144 non
1350 2079 1440 2144 tollit

316 2218 377 2260 nec
405 2193 529 2258 minuit
555 2197 762 2280 potestatem
785 2191 956 2278 episcopi;
982 2229 1027 2240 —-
1049 2191 1082 2256 2.
1110 2191 1200 2273 lmo,
1225 2192 1315 2257 sicut
1337 2195 1439 2258 ceteri

315 2308 443 2374 subditi
467 2313 611 2395 possunt
632 2305 765 2393 ingredi
789 2304 944 2370 ordinem
968 2305 1177 2392 regularem,
1197 2305 1278 2371 licet
1301 2305 1344 2371 ab
1368 2307 1438 2395 epi-

315 2447 418 2514 scopo
437 2422 581 2510 petitam
603 2420 778 2486 licentiam
801 2443 869 2488 non
889 2420 1089 2508 impetrent,
1110 2419 1159 2484 sic
1178 2427 1213 2484 et
1230 2443 1342 2486 novus
1360 2421 1437 2487 sub-

314 2541 427 2608 ditus:
449 2559 518 2602 non
537 2536 629 2601 enim
647 2533 795 2600 intendit
811 2557 851 2600 se
875 2533 1042 2622 subjicere
1061 2555 1151 2599 novo
1174 2535 1351 2622 episeopo,
1372 2537 1437 2602 nisi

309 2655 408 2741 juxta
427 2653 521 2740 leges
540 2650 732 2717 canonicas.

359 2885 426 2952 71.
446 2921 490 2932 -
509 2880 734 2958 Quaeritur:
761 2879 799 2948 2⁰
824 2879 919 2944 Num
946 2877 1050 2943 laicus
1076 2881 1294 2965 excorporari
1312 2881 1430 2966 poerit.

357 3000 455 3082 Hesp.
481 3019 493 3062 .·
519 2997 717 3076 Decretum,
747 3016 781 3057 n.
811 2993 847 3074 6,
877 2991 1058 3058 declarat:
1093 3021 1108 3052 ι(
1140 2993 1295 3081 Denique
1324 2993 1433 3082 quoad

313 3115 429 3195 laicos,
446 3109 622 3176 autetiam
641 3107 755 3196 quoad
773 3107 929 3189 clericos,
951 3107 1010 3195 qui
1029 3105 1315 3172 excardinationis
1333 3107 1433 3174 bene-

312 3227 386 3292 ticio
406 3225 456 3290 uti
479 3229 654 3310 nequeunt
677 3221 732 3286 vel
755 3220 894 3302 nolunt,
921 3220 1082 3286 standum
1105 3243 1180 3285 esse
1203 3219 1432 3308 dispositioni-

310 3341 375 3406 bus
394 3345 502 3404 const.
524 3337 775 3422 Speculatores,
798 3343 862 3403 etc.
889 3361 905 3396 »
925 3334 1022 3400 Unde
1042 3333 1181 3423 quidam
1198 3333 1315 3400 dicunt
1329 3334 1431 3400 laicos

310 3478 379 3520 nou
396 3476 496 3542 posse
515 3450 744 3538 excorporari,
764 3450 812 3514 ita
830 3457 886 3530 ut,
908 3449 937 3513 si
955 3449 1066 3514 nolint
1085 3454 1144 3514 aut
1162 3455 1333 3536 nequeant
1351 3449 1432 3515 reci·

310 3592 388 3657 pere
412 3567 548 3632 ordines
572 3565 607 3628 in
629 3563 767 3652 propria
790 3563 944 3645 dioecesi,
969 3585 1039 3627 non
1063 3562 1196 3650 possint
1222 3585 1281 3627 eos
1306 3562 1340 3627 iu
1366 3563 1430 3628 alia

308 3683 472 3770 recipere,
499 3678 565 3744 nisi
589 3687 772 3766 postquam
799 3675 847 3742 ibi
870 3663 1097 3742 satisfecerint
1120 3675 1429 3765 praescriptionibus

308 3797 409 3863 bullae
428 3794 678 3880 Speculatores,
700 3816 733 3858 v.
756 3815 810 3879 g.,
832 3789 1037 3879 acquirendo
1056 3789 1104 3854 ibi
1127 3789 1369 3855 domicilium¹.
1386 3828 1429 3839 —

307 3913 435 3976 Verum
454 3909 592 3974 omnino
611 3905 835 3994 improbabile
853 3913 906 3972 est
925 3905 1015 3970 hunc
1034 3927 1109 3970 esse
1133 3926 1272 3970 sensum
1292 3905 1426 3990 decreti,

308 4036 382 4093 tum
409 4025 489 4114 quia
518 4023 552 4088 iu
578 4045 614 4088 se
643 4021 728 4086 nibil
756 4021 866 4109 magis
894 4018 1037 4106 impedit
1064 4017 1190 4084 laicum
1216 4019 1428 4107 excorporari

339 4211 346 4244 ¹
367 4211 407 4260 lta
426 4209 598 4261 doctissimus
622 4207 740 4269 scriptor
762 4205 892 4270 periodici
911 4204 936 4254 It
955 4203 1088 4255 Monitore
1110 4203 1188 4262 eccl„
1214 4207 1234 4253 t.
1259 4221 1288 4263 x,
1310 4207 1379 4268 part.
1400 4211 1425 4261 2.

307 4305 332 4352 p.
350 4295 403 4338 137.
