3294 5054
417 488 462 538 DE
481 487 743 547 PRAEREQUlSlTlS
762 487 804 538 An
824 489 1078 541 onnlnnrlonnn
1258 490 1308 544 369

187 653 255 696 non
284 629 483 710 habentem,
510 630 556 710 ei,
583 631 715 694 cumin
737 631 963 716 culpafuerit
988 633 1101 697 taliter
1120 635 1309 698 ordinando

186 746 353 828 eumdem,
375 742 547 810 tenebitur
565 744 644 808 vitae
665 744 853 809 necessaria
873 745 1077 828 ministrare,
1099 747 1219 826 donec,
1241 755 1306 813 etc.

187 855 222 924 Si
250 881 330 924 vero
359 865 468 922 certas
498 857 697 923 commisisti
724 858 834 922 eidem
861 858 1016 924 ordinare
1045 883 1223 948 personas,
1252 870 1306 944 tu,

186 974 247 1060 qui
261 973 449 1058 praevidere
466 972 527 1036 boc
546 994 624 1036 casu
644 995 688 1036 an
709 973 872 1037 haberent
893 975 1033 1038 titutum
1055 975 1212 1058 debuisti,
1235 975 1310 1040 tali-

186 1094 238 1153 ter
263 1087 419 1151 ordinato
448 1086 491 1150 ad
519 1086 722 1173 praedicta...
745 1085 917 1174 obligatus
948 1088 1077 1153 existis.
1108 1116 1124 1149 n
1156 1089 1252 1155 Unde
1282 1090 1309 1152 si

186 1201 365 1290 episcopus
384 1199 512 1288 absque
527 1223 589 1265 sua
608 1200 708 1287 culpa
727 1200 951 1285 ordinaverit,
973 1225 1006 1267 v.
1029 1227 1078 1290 g.,
1100 1203 1128 1267 si
1147 1203 1310 1291 deceptus

186 1316 289 1382 fuerit
307 1339 326 1380 a
346 1315 480 1394 clerico,
504 1315 628 1380 dictam
643 1315 813 1403 poenalem
829 1314 1071 1402 obligationem
1090 1339 1159 1381 non
1178 1325 1311 1384 contra-

187 1430 256 1511 hit;
288 1469 332 1479 -
363 1429 396 1496 3.
424 1429 471 1496 Ut
497 1429 640 1494 clericus
670 1451 736 1494 non
765 1430 887 1494 habeat
918 1431 1055 1495 aliunde
1083 1432 1170 1496 unde
1198 1433 1311 1514 vioat;

187 1543 278 1633 quod
296 1565 456 1631 expresse
476 1549 614 1609 cavetur
637 1543 672 1607 iu
697 1543 753 1608 cit.
777 1566 850 1632 cap.
877 1543 1081 1630 Episcopus,
1099 1551 1134 1609 et
1153 1543 1256 1610 etiam
1276 1547 1310 1610 in

186 1657 256 1723 illis
291 1656 449 1723 omnibus
473 1656 560 1744 juris
593 1657 761 1744 capitibus
792 1679 866 1745 quae
902 1658 943 1722 de
982 1659 1082 1724 titulo
1115 1659 1312 1746 patrimonii

186 1777 293 1861 agunt
309 1771 444 1862 (supra,
465 1794 500 1836 n.
525 1769 637 1859 134).
661 1770 758 1837 Unde
782 1771 811 1835 si
835 1772 1014 1860 episcopus
1038 1773 1198 1838 clericum
1221 1773 1312 1838 ordi-

186 1887 319 1952 naverit
339 1887 411 1952 sine
437 1884 537 1952 titulo
557 1885 694 1974 quidem
712 1884 884 1973 beneficii,
907 1887 966 1952 sed
990 1909 1067 1952 cum
1090 1887 1191 1952 titulo
1210 1887 1312 1975 patri·

186 2001 293 2066 monii
321 1999 538 2082 sufficientis,
571 1998 815 2086 obligationem
849 2021 917 2064 non
950 2000 1120 2066 contrahit
1152 2001 1312 2066 clericum

187 2114 414 2180 sustentandi.

233 2227 272 2295 C.
304 2227 450 2304 Quinam
470 2227 674 2292 contrahant
698 2228 823 2292 dictam
847 2229 1016 2313 poenalem
1039 2229 1313 2314 obligationem:

233 2367 263 2408 a.
286 2343 335 2407 De
359 2343 430 2428 ipso
449 2342 600 2428 episcopo
624 2342 825 2424 ordinantc,·
849 2341 966 2428 regula
990 2342 1159 2429 generalis
1183 2351 1250 2424 est,
1277 2352 1314 2409 ut

188 2479 230 2522 ex
261 2456 361 2522 dictis
392 2463 501 2545 patet,
524 2455 721 2543 episcopum
748 2455 961 2521 ordinantem
986 2457 1060 2521 sine
1085 2457 1187 2522 titulo
1207 2457 1315 2522 teneri

188 2570 231 2636 ad
250 2570 536 2636 sustentationem
555 2568 668 2634 clerici
693 2569 743 2633 sic
766 2569 929 2649 ordinati;
952 2569 1030 2635 huic
1054 2577 1169 2635 tamen
1189 2571 1315 2658 regular

188 2685 288 2750 datur
302 2684 429 2772 duplex
450 2683 625 2770 exceptio:
643 2681 673 2746 l.
690 2680 726 2747 Si
745 2683 924 2770 episcopus
943 2683 1151 2748 ordinaverit
1165 2685 1315 2749 alienum

186 2799 365 2864 subditum
384 2819 462 2863 cum
483 2797 604 2862 titteris
624 2797 825 2861 dimissoriis
839 2799 976 2882 proprii
995 2798 1159 2882 cpiscopi;
1180 2805 1314 2863 constat

188 2913 246 2978 cit.
273 2935 347 3000 cap.
378 2911 416 2976 Si
440 2911 629 2997 episcopus,
664 2910 724 2990 37,
754 2910 805 2974 Du
836 2931 947 2992 rann,
969 2911 1003 2974 in
1040 2909 1104 2992 Vl,
1131 2910 1206 2993 ubi,
1237 2921 1315 2999 post

187 3025 291 3092 verba
313 3025 468 3113 superius
486 3025 610 3105 relata,
633 3023 681 3088 sic
701 3024 811 3112 pergit
837 3023 1053 3090 Bonilacius:
1078 3053 1094 3085 α
1117 3026 1175 3090 Eis
1199 3035 1314 3091 autem

188 3141 360 3229 (clericis),
383 3139 506 3228 quibus
526 3162 545 3204 a
565 3138 774 3202 Dioecesanis
794 3137 893 3203 datur
913 3137 1066 3218 licentia,
1090 3148 1128 3204 ut
1147 3140 1314 3228 possinta

187 3277 255 3342 quo
279 3253 450 3318 voluerint
476 3253 634 3340 episcopo
659 3251 702 3317 ad
725 3273 845 3316 omnes
874 3275 988 3317 sacros
1014 3253 1150 3318 ordines
1178 3277 1314 3342 promo-

187 3368 277 3449 veri,
299 3389 365 3433 non
391 3367 452 3454 qui
476 3367 652 3450 ordinant,
674 3367 732 3430 sed
756 3367 817 3452 qui
842 3367 1000 3430 tribuunt
1028 3368 1214 3452 licentiam,
1236 3391 1311 3434 cum

188 3505 262 3548 eam
281 3483 363 3546 dare
382 3503 449 3546 non
469 3482 611 3546 debeant
632 3480 773 3545 titutum
793 3502 860 3544 non
880 3481 1034 3564 habenti,
1057 3483 1099 3546 ad
1124 3483 1309 3569 praemissa,

187 3598 215 3661 si
242 3595 381 3661 titulum
413 3617 480 3660 non
514 3592 677 3676 habeant,
706 3593 912 3680 obligantur.
943 3621 958 3654 »
993 3593 1151 3660 Ceterum
1177 3596 1313 3661 notissi-

187 3733 282 3775 mum
301 3717 353 3776 est
371 3709 585 3797 episcopum,
606 3707 649 3773 ad
669 3731 770 3796 quem
790 3709 968 3795 episcopus
982 3709 1138 3797 proprius
1152 3711 1311 3776 clericum

188 3845 288 3889 suum
308 3823 451 3888 dimittit
474 3822 718 3903 ordinandum,
740 3844 808 3886 non
833 3822 940 3886 teneri
966 3822 1136 3910 inquirere
1160 3824 1194 3888 in
1215 3824 1312 3890 dotes

188 3937 384 4017 ordinandi,
406 3936 467 4001 sed
489 3959 591 4024 posse
613 3934 714 4000 fidem
741 3935 864 4000 habere
890 3936 1049 4024 episcopo
1075 3939 1246 4026 proprio¹3
1269 3977 1313 3988 -

187 4053 221 4116 2.
245 4049 279 4117 Si
299 4049 478 4138 episcopus
497 4049 704 4114 ordinaverit
724 4049 899 4113 alumnum
920 4047 1057 4114 Ordinis
1075 4051 1237 4137 regularis
1257 4051 1311 4117 vel

221 4291 230 4324 ¹
248 4289 288 4339 Cl.
306 4289 427 4352 Fagnsn,
444 4288 493 4337 toc.
509 4287 564 4344 cit,
581 4303 606 4335 n.
624 4292 653 4336 58
668 4303 709 4349 sq.

283 4403 365 4438 sxcsx
378 4401 496 4436 onnrxar.
