3248 5052
364 509 416 563 596
702 513 745 561 DE
765 511 895 562 lllTlllUS
915 511 1151 562 oaolstrrouls

362 658 517 744 inquam,
549 677 617 720 non
645 653 769 720 dicitur
793 653 915 720 habere
942 656 1155 742 propositum
1185 679 1245 720 seu
1277 658 1489 724 voluntatem

363 769 546 860 recipiendi
576 775 846 850 sacramentum,
876 768 936 833 sed
965 771 1095 854 finqere
1128 777 1161 835 et
1186 772 1348 836 simulare
1358 791 1373 854 ,·
1401 773 1491 838 siout

362 907 442 972 ergo
461 885 518 950 ille
535 884 593 972 qui
607 906 672 968 per
684 886 806 970 jocum
825 881 907 948 sinit
926 883 960 947 in
980 906 1016 949 se
1036 885 1150 972 perfici
1172 885 1275 951 ritum
1294 893 1487 965 externum,

361 1023 429 1066 non
451 998 572 1087 recipit
597 1005 863 1079 sacramentum,
885 997 1019 1063 delectu
1047 991 1233 1064 voluntatis
1257 999 1411 1083 internae,
1440 1001 1488 1066 ita

360 1115 487 1204 pariter
501 1112 559 1201 qui
574 1113 662 1176 serio
672 1135 708 1177 se
724 1109 860 1198 subjicit
872 1111 951 1177 ritui
966 1119 1116 1193 externe,
1133 1113 1263 1178 interne
1279 1137 1486 1202 repugnans,

359 1253 428 1294 non
448 1227 567 1314 recipit
588 1233 854 1306 sacramentum,
877 1224 1011 1290 delectu
1037 1225 1223 1292 voluntatis
1243 1228 1401 1308 internae,
1424 1251 1487 1294 nec

358 1343 467 1408 ullum
495 1341 677 1406 discrimen
702 1347 754 1405 est
780 1327 868 1405 inter
893 1339 989 1405 illum
1010 1348 1045 1405 et
1074 1341 1193 1420 istum,
1215 1341 1282 1406 nisi
1305 1342 1395 1430 quod
1420 1343 1486 1407 iste

359 1459 466 1545 fingat
484 1456 642 1522 astutius.

402 1574 441 1638 B.
462 1571 607 1637 Unicum
628 1576 864 1656 argumentum
880 1567 1150 1633 adversariorum
1170 1569 1273 1633 situm
1293 1577 1346 1633 est
1365 1569 1399 1634 in
1412 1571 1484 1658 qui-

356 1686 499 1752 busdam
528 1683 642 1750 verbis
671 1681 859 1748 Innocentii
887 1681 952 1764 Ill,
981 1683 1038 1746 cit.
1068 1705 1142 1770 cap.
1172 1683 1340 1770 ,ltajorem
1368 1685 1403 1765 3,
1432 1685 1483 1750 Di:

355 1820 524 1882 narrrsuo,
557 1799 686 1884 §Item
710 1798 899 1884 quaeritur;
926 1804 1108 1884 postquam
1137 1797 1228 1862 enim
1262 1797 1481 1865 Innocentius

354 1914 508 1980 definivit
526 1917 633 1998 fictos,
655 1911 766 1976 illos«
788 1911 863 1999 qui,
886 1911 1042 1999 quamvis
1061 1934 1129 1976 non
1150 1935 1223 1988 ore,
1245 1913 1345 1978 eorde
1367 1921 1479 1978 tamen

353 2027 561 2094 dissentiunt
587 2053 621 2106 n,
642 2025 743 2114 paulo
764 2025 849 2090 infra
870 2025 984 2092 addit:
1006 2050 1020 2088 r
1043 2025 1075 2090 ls
1095 2025 1154 2113 qui
1174 2025 1359 2090 terroribus
1379 2033 1479 2114 atque

351 2141 527 2230 suppliciis
546 2140 714 2208 violenter
728 2139 919 2220 attrahitur,
937 2147 982 2213 et,
1001 2161 1043 2204 ne
1058 2139 1300 2206 detrimentum
1317 2141 1475 2222 incurrat,

350 2255 511 2345 baptismi
531 2254 673 2342 suscipit
696 2260 965 2334 sacramentum,
987 2253 1082 2334 talis,
1103 2254 1190 2318 sicut
1214 2263 1246 2318 et
1273 2255 1300 2318 is
1323 2257 1384 2340 qui
1401 2257 1477 2338 ficte

350 2373 395 2436 ad
418 2371 628 2456 baptismum
648 2369 789 2452 accedit,
811 2368 1042 2432 characterem
1061 2368 1201 2452 suscipit
1220 2369 1476 2434 christianitatis

351 2488 563 2571 impressum.
580 2512 595 2543 a
614 2521 657 2530 -
673 2482 799 2546 Verum
810 2481 992 2546 dicendum
1007 2489 1059 2546 est
1075 2481 1152 2545 hinc
1168 2505 1236 2546 non
1252 2481 1475 2548 demonstrari

349 2599 544 2689 opinionem
573 2596 859 2675 adversariorum3
891 2615 994 2660 nam:
1019 2597 1048 2661 l.
1072 2595 1153 2660 lleec
1182 2595 1284 2660 verba
1315 2595 1475 2661 lnnocen·

350 2715 416 2779 tius
436 2735 504 2778 non
525 2735 567 2776 ex
588 2735 623 2776 se
642 2710 756 2790 refert,
779 2710 840 2775 sed
859 2718 1021 2798 tanquam
1042 2709 1084 2774 ab
1108 2710 1184 2774 aliis
1204 2710 1318 2775 dicta:
1347 2739 1362 2770 a
1386 2711 1480 2804 Alii,

349 2827 471 2915 inquit,
501 2849 569 2890 non
603 2824 748 2890 absurde
776 2824 1003 2912 distinguunt,
1035 2851 1051 2884 i»
1085 2831 1164 2892 etc:
1193 2832 1227 2890 et
1255 2824 1333 2890 licet
1362 2825 1472 2892 dicat:

351 2941 447 3006 «Alii
459 2963 525 3004 non
535 2941 694 3022 absurde,
709 2965 724 2999 »
734 2939 912 3020 etc.,unde
922 2938 1156 3004 videaturharc
1167 2938 1270 3004 verba
1281 2963 1341 3004 sua
1352 2938 1473 3020 lacere,

348 3063 499 3121 attamen
518 3077 586 3118 non
606 3059 762 3118 censetur
782 3051 968 3140 approbare
988 3075 1156 3142 suumque
1172 3052 1281 3118 lacere
1300 3053 1365 3118 nisi
1386 3055 1476 3141 quod

347 3169 397 3234 illi
423 3167 644 3256 principalius
670 3175 704 3232 et
731 3166 773 3230 ad
804 3189 875 3231 rem
904 3167 1037 3248 dicunt,
1067 3190 1188 3255 nempe
1222 3167 1475 3234 distinctionem

346 3286 435 3349 inter
450 3284 594 3347 invitum
608 3283 760 3346 absolute
775 3288 809 3346 et
822 3283 966 3346 invitum
978 3283 1264 3366 condicionaliter,
1279 3291 1475 3348 nouantem

347 3397 438 3487 quod
458 3395 567 3462 obiter
586 3404 620 3462 et
638 3419 698 3484 per
718 3395 856 3460 modum
871 3395 1018 3482 exempli
1034 3403 1207 3478 asserunt,
1225 3397 1310 3460 sicut
1326 3405 1357 3459 et
1374 3398 1476 3483 isqui

346 3516 434 3597 ficte,
457 3519 536 3592 etc,
559 3511 600 3576 de
625 3533 691 3598 quo
715 3532 784 3574 non
809 3509 997 3574 consulitur
1020 3532 1082 3574 nec
1106 3509 1288 3598 respondet
1309 3509 1475 3577 Innocen-

346 3627 429 3706 tius3
452 3665 496 3676 -
515 3627 547 3691 2.
579 3625 663 3704 lmo,
686 3624 802 3689 statim
821 3622 863 3687 ab
888 3623 1001 3704 initio,
1024 3625 1129 3690 relata
1157 3622 1262 3689 verba
1286 3623 1476 3692 lnnocentii

346 3740 521 3807 intellecta
541 3747 637 3819 sunt,
660 3737 781 3802 nonin
802 3760 904 3802 sensu
924 3737 1211 3818 adversariorum,
1234 3737 1294 3802 sed
1317 3737 1353 3802 in
1373 3761 1476 3806 sensu

345 3877 485 3944 prorsus
511 3853 661 3934 diverso,
694 3875 795 3939 quem
826 3873 944 3916 omnes
973 3851 1155 3940 recipiunt;
1189 3851 1362 3917 intellecta
1395 3862 1476 3920 sunt

346 3969 517 4049 nimirum,
540 3967 669 4032 nonde
688 3967 822 4054 fictione
843 3967 1048 4050 intentionis,
1072 3967 1131 4030 sed
1151 3966 1192 4030 de
1213 3968 1476 4056 fictionedispo-

344 4085 525 4166 sitionum,
547 4081 643 4170 quasi
667 4081 792 4146 dixerit
811 4078 1054 4146 Innocentius:
1077 4079 1171 4145 Sicut
1190 4088 1224 4146 et
1247 4081 1276 4146 is
1300 4082 1359 4168 qui
1377 4085 1473 4167 ficte,

346 4219 467 4286 nempe
493 4197 564 4261 sine
588 4195 655 4282 fide
683 4204 715 4258 et
743 4195 943 4260 contritione
969 4193 1159 4284 requisitis,
1191 4194 1234 4257 ad
1262 4193 1474 4284 baptismum

346 4311 490 4392 accedit,
513 4309 739 4374 characterem
760 4308 902 4395 suscipit
922 4307 1189 4374 christianitatis
1207 4307 1262 4372 Sic
1282 4307 1476 4378 Innocentii
