3316 5052
595 1211 810 1294 CAPUT
846 1211 966 1293 VIII

328 1637 380 1692 DE
415 1636 769 1702 PRAEREQL'ISITIS
801 1637 855 1691 Ab
888 1637 1227 1721 ORDINATIONEII

423 2154 442 2229 ξ
462 2156 494 2212 1.
517 2157 570 2214 De
590 2157 775 2216 scrutinio
794 2171 863 2216 seu
882 2156 1128 2230 inquisitione

584 2253 687 2312 circa
705 2253 937 2312 ordinandos
951 2253 972 2311 ¹.

260 2485 306 2552 N.
332 2485 373 2550 B.
395 2525 440 2534 -
460 2485 596 2574 Duplex
619 2493 672 2554 est
691 2487 885 2577 hujusmodi
909 2486 1099 2576 inquisitio,
1127 2509 1194 2553 una
1218 2509 1340 2575 nempe

215 2599 405 2666 communis
420 2600 577 2666 omnibns
592 2600 784 2683 ordinibus,
802 2603 905 2668 etiam
919 2602 1036 2691 primae
1051 2607 1216 2684 tonsurae,
1234 2600 1340 2666 altera

216 2713 372 2802 specialis
403 2713 579 2780 ordinibus
609 2715 733 2797 saeris;
767 2723 975 2782 memoratur
1004 2715 1107 2782 etiam
1138 2715 1339 2781 scrutinium

215 2849 306 2893 mere
325 2827 575 2912 caeremoniale,
596 2829 688 2918 quod
706 2830 745 2897 fit
768 2830 856 2896 intra
876 2831 968 2920 ipsos
992 2830 1078 2896 ritus
1101 2825 1336 2896 ordinationis.
1384 2913 1393 2928 ο

370 3087 397 3156 I.
424 3089 476 3154 DE
499 3110 662 3157 scnnrlulo
686 3110 829 3158 couniunt
853 3111 991 3158 OMNIBUS
1015 3111 1182 3158 ORDINIBUS

260 3299 354 3369 115.
373 3339 419 3350 -
435 3302 646 3372 Decretum
665 3303 825 3372 concilii
842 3302 1080 3372 Tridentini.
1100 3341 1145 3350 —
1164 3301 1237 3366 Hoc
1257 3321 1338 3365 con-

213 3411 345 3497 cilium,
362 3439 437 3504 cap.
459 3415 583 3482 Sancta
601 3419 764 3504 synodus,
782 3419 814 3500 i,
837 3439 921 3483 sess.
944 3415 1073 3497 XXIII,
1091 3417 1143 3481 Dr
1163 3436 1248 3496 nen,
1265 3413 1337 3479 haec

213 3527 360 3596 statuit:
382 3555 398 3591 o
422 3528 545 3596 Sancta
568 3531 736 3618 synodus,
758 3531 976 3620 antiquorum
995 3553 1163 3596 canonum
1181 3527 1336 3616 vestigiis

211 3641 422 3726 inhaerendo,
451 3643 618 3727 decernit,
646 3651 701 3728 ut,
727 3645 862 3734 quando
884 3644 1062 3733 episcopus
1088 3643 1334 3708 ordinationem

210 3755 320 3822 faeere
335 3756 554 3846 disposuerit,
570 3780 704 3841 omnes,
722 3759 780 3847 qui
794 3758 837 3824 ad
852 3781 986 3824 sacrum
1001 3757 1226 3824 ministerium
1242 3779 1336 3822 acce·

211 3868 290 3936 dere
312 3870 494 3954 voluerint,
515 3870 598 3937 feria
621 3879 742 3960 quarta
766 3879 844 3938 ante
866 3871 976 3960 ipsam
994 3871 1257 3952 ordinationem,
1279 3868 1334 3934 vel

211 3983 346 4072 quando
372 3985 529 4074 episcopo
555 3983 740 4068 videbitur,
765 3986 809 4051 ad
832 3985 1005 4052 civitatem
1032 3993 1225 4051 evocentur.
1253 3981 1333 4070 Epi-

210 4118 333 4188 scopus
352 4105 478 4182 autem,
495 4099 726 4165 sacerdotibus
746 4106 781 4166 et
800 4099 876 4166 aliis
889 4098 1113 4190 prudentibus
1130 4099 1225 4180 viris,
1242 4095 1333 4185 peri-

241 4263 250 4298 ¹
269 4263 308 4314 Ci.
324 4264 436 4325 IIallier,
451 4268 523 4329 part.
538 4264 563 4324 1,
579 4268 646 4316 sect.
662 4280 693 4329 u;
709 4267 752 4316 ed.
767 4267 871 4331 Mignc,
886 4267 939 4318 col.
955 4272 1000 4316 279
1015 4282 1055 4331 sq.
