3300 5056
406 487 451 537 DE
468 485 680 538 TEMPORIBUS
698 486 740 536 ET
760 483 842 536 Loco
861 481 1115 534 onnlntnonun
1268 479 1322 535 245

197 637 352 717 tempora
375 628 638 694 ordinationum.
661 665 705 677 -
729 627 810 692 Haec
834 623 1034 692 assimilatio
1058 624 1321 692 subdiaconatus

197 743 287 809 sacta
306 749 358 809 est
376 743 480 810 etiam
500 765 572 831 cap.
595 741 842 825 Subdiaconoa,
865 743 901 823 1,
923 740 998 806 eod.
1020 740 1074 806 tit.

241 882 270 926 c.
293 857 397 924 Conc.
419 857 526 938 Trid,
553 880 628 946 cap.
656 856 907 940 Ordinationes,
937 854 973 938 8,
1002 877 1086 920 sess
1112 854 1243 934 XXIII,
1270 855 1321 921 Dr:

195 993 281 1053 aas,
303 971 362 1038 uhi
381 971 453 1036 haec
472 971 586 1037 omnia
605 977 746 1036 renovat
766 977 799 1034 et
818 969 1020 1036 confirmat:
1043 995 1059 1029 ι(
1083 967 1321 1035 Ordinationes

196 1108 370 1151 sacrorum
395 1085 552 1151 ordinum
575 1085 713 1150 statutis
731 1108 751 1148 a
768 1085 854 1171 jure
878 1083 1127 1169 temporibus...
1150 1081 1320 1148 celebren-

193 1207 260 1266 tur.
284 1227 300 1260 n

239 1313 275 1376 20
290 1311 412 1391 Quoad
428 1313 561 1397 horam,
579 1311 746 1377 ordinatio
761 1311 835 1376 fieri
853 1310 972 1399 nequit
991 1309 1150 1398 amplius
1166 1317 1205 1376 ut
1224 1309 1317 1391 olim,

195 1427 291 1492 initio
307 1427 414 1492 noctis
432 1434 511 1515 post
530 1425 721 1508 sabbatum,
740 1432 799 1491 aut
818 1447 951 1510 vespere
968 1425 1103 1490 sabbati
1110 1443 1125 1509 ,·
1144 1424 1205 1490 sed
1224 1447 1321 1489 mane

192 1540 327 1606 sabbati
354 1541 429 1606 fieri
457 1539 570 1608 debet.
602 1539 704 1606 Ratio
735 1546 787 1605 est
818 1538 898 1626 quia
930 1537 1099 1604 ordinatio
1132 1537 1175 1604 ad
1207 1559 1321 1603 sacros

194 1653 331 1719 ordines
362 1653 435 1719 fieri
464 1653 585 1742 nequit
612 1653 678 1719 nisi
708 1653 744 1717 in
776 1653 899 1734 missa;
930 1675 1046 1740 porro,
1072 1653 1173 1741 juxta
1198 1652 1257 1740 jus
1287 1658 1322 1716 et

194 1767 394 1833 hodiernam
413 1767 712 1849 consuetudinem,
726 1755 846 1831 'missae
865 1765 1059 1853 vigiliarum
1081 1788 1151 1831 non
1174 1765 1321 1853 amplius

195 1903 271 1946 sero
291 1873 516 1965 celebrantur,
534 1881 595 1946 sed
614 1879 773 1969 quaelibet
791 1880 897 1946 missa
916 1871 1020 1968 incipi
1039 1878 1140 1945 debet
1158 1887 1235 1946 ante
1255 1903 1322 1944 me-

197 1997 334 2080 ridiem,
356 1996 437 2062 licet
455 1995 607 2084 protrahi
624 1995 734 2083 posSIt
753 2001 833 2083 post
850 1993 1042 2076 meridiem,
1062 2000 1102 2058 ut
1121 1992 1250 2060 dictum
1269 2002 1322 2061 est

196 2110 231 2173 in
250 2109 527 2176 Praleetionihua
545 2109 586 2174 de
605 2108 727 2192 Micca,
749 2131 784 2174 n.
808 2109 879 2195 20,
900 2132 934 2196 p.
956 2107 1011 2175 43.

242 2225 277 2288 3⁰
296 2221 416 2302 Quoad
435 2245 552 2289 casum
572 2223 760 2288 continuati
773 2223 906 2310 jejunii
925 2222 969 2288 ad
988 2221 1076 2288 diem
1097 2222 1318 2305 dominicam,

195 2333 266 2398 haec
285 2333 455 2401 dicenda:

239 2471 270 2512 a.
298 2446 517 2516 Innocentius
537 2447 602 2530 III,
629 2470 703 2536 cap.
729 2448 892 2532 Litteras,
920 2447 977 2530 13,
1005 2449 1056 2513 Du
1074 2468 1168 2514 rane.
1195 2469 1318 2530 cunin,

195 2567 319 2626 tractat
332 2561 423 2627 hunc
442 2585 560 2630 casum
577 2583 585 2628 :
608 2560 755 2640 Quidam
774 2561 919 2630 clericus,
936 2562 1111 2628 ordinatus
1126 2563 1236 2629 fuerat
1250 2563 1321 2628 dia-

195 2697 301 2740 conus
323 2675 466 2742 aahhato
487 2675 643 2752 Qnatuor
667 2676 888 2762 Temperiem,
911 2683 945 2742 et
963 2679 1117 2764 sequenti
1140 2678 1194 2742 die
1213 2678 1320 2743 domi·

193 2789 267 2854 nica
272 2839 284 2873 ,
300 2790 497 2855 continuato
505 2791 645 2877 jejunio
659 2790 793 2855 sabbati
798 2841 809 2874 ,
826 2789 1017 2879 presbyter.
1034 2791 1199 2856 -Porro
1216 2791 1319 2856 Inno-

192 2903 326 2969 centius
350 2903 437 2970 hanc
459 2903 725 2970 «inordinatam
749 2905 997 2972 ordInationem
1021 2906 1207 2994 »graviter
1228 2905 1319 2972 vitu·

191 3025 303 3104 perat,
325 3041 394 3083 non
419 3019 527 3107 quod,
553 3025 634 3084 nota
659 3025 772 3101 caute,
795 3018 961 3085 ordinatio
986 3042 1081 3086 sacra
1104 3019 1193 3086 sacta
1216 3019 1318 3086 fuerit

190 3131 245 3196 die
264 3131 445 3214 dominica,
468 3132 664 3198 continuato
679 3131 828 3220 jejunio,
850 3133 911 3198 sed
930 3131 1022 3222 quod
1046 3156 1112 3199 uno
1136 3135 1317 3221 eodemque

190 3246 244 3312 die
268 3247 335 3312 duo
358 3247 447 3311 sacri
476 3247 610 3312 ordines
637 3247 746 3311 eidem
774 3247 894 3320 clerico
921 3247 1036 3312 collati
1053 3249 1193 3352 fuerint
1207 3269 1220 3316 .·
1242 3275 1258 3308 «
1280 3248 1318 3315 Si

190 3359 298 3442 enim,
324 3360 451 3449 inquit,
477 3367 660 3449 utrumque
687 3360 840 3426 ordinem
866 3361 986 3426 eodem
1009 3361 1063 3426 die
1089 3361 1240 3428 conferre
1266 3363 1317 3428 illi

190 3497 259 3539 non
277 3474 391 3557 licuit,
411 3473 486 3563 pari
504 3497 574 3540 non
592 3474 689 3542 licuit
707 3475 838 3540 ratione
856 3497 963 3540 unum
982 3475 1136 3542 ordinem
1154 3501 1223 3543 uno
1243 3477 1314 3565 die,

190 3594 225 3652 et
243 3587 350 3653 alium
368 3589 492 3671 altero,
511 3588 642 3678 jejunio
662 3589 872 3672 continuato,
895 3588 1057 3671 conferri;
1079 3614 1157 3656 cum
1172 3602 1316 3680 propter

189 3703 477 3768 continuatIonem
496 3703 646 3790 jejunit,
671 3704 805 3788 fictione
831 3705 1005 3789 canonica,
1033 3705 1100 3771 aive
1126 3729 1223 3772 mane
1249 3709 1315 3774 diei

188 3817 363 3882 dominicae
388 3817 550 3882 trahatur
572 3817 617 3882 ad
638 3819 836 3902 sabbatum,
862 3819 929 3883 aive
954 3841 1089 3906 vespera
1114 3822 1249 3887 sabbati
1271 3825 1316 3887 ad

188 3931 278 3996 diem
303 3931 509 3997 dominicam
535 3936 720 4019 reseratur,
743 3936 900 4019 profecto
932 3957 1028 3999 mane
1056 3957 1134 4002 cum
1160 3959 1311 4023 vespera,

187 4068 244 4111 seu
270 4067 405 4132 vespera
428 4069 507 4112 cnm
531 4069 644 4132 mane,
669 4049 714 4112 ad
737 4047 892 4113 eumdem
917 4049 1006 4113 diem
1026 4051 1199 4136 pertinere
1224 4052 1313 4116 dice·

189 4163 278 4226 tur¹.
304 4189 320 4222 »

220 4297 229 4330 ¹
247 4297 275 4346 si
294 4311 348 4347 non
367 4301 543 4349 contInuetur
557 4299 691 4363 jejunium
710 4299 832 4362 sabbati,
852 4301 986 4352 ordinatio
1005 4303 1040 4352 ad
1058 4303 1179 4353 ordinem
1204 4317 1310 4354 sacrum
