3294 5054
467 541 510 591 ua
529 539 756 590 oaurmnosu
774 537 993 590 assummum
1106 521 1107 528 ’
1240 532 1292 586 loa

166 713 245 754 cum
266 685 442 773 exemplar
461 689 656 750 asservatur
675 681 709 746 in
730 680 866 746 archivo
886 678 1025 746 Ordinis
1044 678 1233 760 Minorum,
1254 685 1295 746 ut

168 802 295 867 ibidem
315 804 465 864 notatur.
487 795 587 862 Adde
608 794 834 860 universalem
853 793 978 881 ubique
998 793 1291 860 cousuetudinem.

132 1013 136 1024 Ι
218 1045 311 1114 171.
341 1083 383 1096 -
410 1043 571 1110 Litterae
603 1039 902 1109 testimoniales.
930 1077 972 1090 -
1002 1039 1052 1104 De
1081 1038 1135 1103 his
1153 1039 1293 1120 litteris,

170 1159 263 1250 quod
282 1163 415 1246 spectat
429 1155 471 1220 ad
492 1155 690 1242 Regulares,
713 1154 784 1218 haec
804 1152 945 1218 dicenda
967 1172 975 1218 τ
1277 1166 1278 1170 ’

219 1278 253 1337 Ἰῡ
272 1271 343 1336 Lex
362 1271 404 1334 de
425 1269 549 1335 litteris
567 1267 856 1334 testimonialibus
875 1266 1091 1348 exhibendis,
1112 1269 1226 1356 qualis
1243 1269 1298 1334 in-

170 1389 263 1454 dicta
288 1393 340 1450 est
363 1392 437 1450 tum
461 1381 502 1448 ab
530 1383 728 1448 Innocentio
755 1381 836 1463 Xll,
864 1381 898 1446 in
931 1380 1025 1447 bulla
1049 1382 1295 1468 Speculatores,

173 1511 246 1569 tum
267 1524 285 1566 a
313 1500 374 1564 Pio
394 1497 457 1578 lx,
480 1497 515 1561 in
534 1496 627 1562 bulla
647 1496 848 1582 Apostolicae
875 1495 982 1579 Sedis,
1012 1497 1063 1562 Du
1082 1518 1299 1566 suspensioni-

172 1639 248 1696 nus,
271 1637 307 1678 n.
330 1613 367 1694 3,
392 1634 458 1676 non
478 1611 618 1698 respicit
637 1609 825 1696 Regulares
848 1609 1071 1690 ordinandos3
1094 1612 1186 1700 quod
1204 1619 1299 1702 patei

173 1753 215 1795 ex
234 1730 310 1816 ipso
329 1732 427 1792 textu
445 1725 567 1790 horum
585 1723 884 1802 documentorum,
902 1723 937 1788 in
956 1723 1066 1811 priore
1085 1726 1177 1790 enim
1192 1726 1298 1810 bulla,

172 1841 420 1909 determinatur
438 1839 498 1927 qui
521 1839 591 1903 sint
616 1838 766 1926 episcopi
791 1838 949 1923 oriqinic,
978 1839 1158 1924 domicilii,
1179 1842 1301 1927 benefi-

173 1959 233 2040 cii,
264 1925 530 2040 familiiritetis,
562 1953 654 2040 quod
687 1951 838 2040 proiecto
867 1951 960 2016 solos
988 1953 1127 2040 respicit
1160 1955 1301 2022 clericos

174 2070 373 2148 saecularcs3
389 2069 425 2132 in
445 2067 551 2132 altera
566 2073 680 2132 autem
696 2065 939 2130 constitutione
954 2067 1067 2152 agitur
1081 2069 1122 2132 dc
1141 2069 1302 2158 episcopo

174 2184 354 2250 ordinante
374 2182 559 2267 proprium
587 2181 764 2244 subditum
787 2180 861 2246 sine
885 2180 1189 2264 testimonialibus,
1219 2191 1299 2264 εἴας

175 2321 276 2387 porro
297 2296 485 2382 Regulares
501 2317 569 2358 non
588 2301 682 2374 sunt,
705 2294 739 2358 in
759 2293 878 2360 stricto
898 2317 1001 2358 sensu
1021 2295 1193 2380 (strictum
1211 2299 1304 2364 enim

175 2411 345 2498 rccipiunt
357 2409 674 2498 interpretationem
694 2407 788 2494 leges
803 2408 983 2497 poenales),
997 2408 1125 2474 subditi
1139 2411 1300 2500 episcopi,

176 2549 196 2590 a
211 2549 278 2614 quo
298 2546 420 2610 nempe
438 2529 521 2588 sunt
541 2522 704 2610 exempti,
721 2521 808 2586 bene
827 2545 908 2588 vero
926 2529 1062 2588 tantum
1080 2524 1209 2590 subditi
1226 2549 1305 2614 pro-

176 2639 243 2728 prii
262 2637 393 2727 praelati
404 2636 583 2722 regularis,
593 2637 653 2724 qui
670 2636 794 2701 dicitur
807 2644 841 2701 et
855 2643 908 2702 est
922 2635 1074 2724 ipsorum
1085 2637 1300 2705 Ordinariur.

175 2751 338 2818 Ceterum
364 2749 477 2838 quoad
501 2749 707 2836 Regulam,
729 2748 864 2815 abunde
892 2751 1016 2814 satisfit
1045 2752 1113 2838 legi
1143 2752 1185 2818 de
1204 2753 1305 2818 testi-

180 2865 400 2945 monialibus3
430 2871 613 2952 antequam
648 2863 738 2927 enim
770 2871 908 2928 sumant
934 2863 1105 2948 habitum,
1127 2875 1302 2954 petuntur,

153 2981 221 3046 .ad
236 3002 391 3044 normam
411 2977 539 3042 decreti
560 2978 612 3041 Pii
632 2977 690 3057 IX,
713 2977 755 3042 25
770 2977 843 3064 jan.
870 2977 954 3044 1848
970 2983 991 3060 ¹,
1009 2979 1132 3044 litterae
1152 2982 1305 3047 testimo-

178 3095 287 3159 niales
307 3099 380 3158 tum
401 3091 571 3158 Ordinarii
591 3091 749 3177 originiS,
768 3097 841 3155 tum
862 3093 964 3156 etiam
985 3091 1154 3159 Ordinarii
1169 3095 1251 3176 loci,
1270 3097 1305 3160 in

176 3231 246 3299 quo
260 3207 439 3298 postulans
458 3213 537 3295 post
557 3206 731 3298 expletum
751 3206 919 3274 decimum
933 3207 1090 3296 quintum
1106 3231 1175 3273 suae
1194 3211 1304 3276 aetatis

177 3345 322 3404 mcum,
357 3320 447 3388 ultra
482 3343 609 3386 annum
643 3327 793 3384 moratus
823 3320 946 3400 fuerit;
976 3329 1158 3412 postquam
1190 3330 1304 3392 autem

178 3441 398 3526 sumpserunt
435 3433 606 3516 habitum,
647 3457 780 3522 semper
818 3441 957 3500 manent
987 3435 1042 3502 vel
1077 3437 1113 3502 in
1148 3437 1304 3504 domibus

177 3548 328 3630 Ordinis,
349 3547 404 3613 vel
425 3549 547 3612 saltem
567 3547 630 3612 sub
645 3547 763 3613 stricta
782 3547 959 3634 vigilantia
979 3550 1203 3637 superiorum.

223 3663 259 3726 2⁰
279 3663 345 3728 Pro
365 3661 475 3745 ltalia,
497 3661 674 3728 occasione
692 3661 779 3748 legis
799 3662 925 3744 civilis,
948 3685 1015 3752 qua
1035 3663 1179 3730 militare
1199 3667 1304 3732 servi·

179 3777 265 3844 tium
284 3787 464 3842 extensum
482 3775 548 3842 luit
567 3775 673 3842 etiam
696 3775 739 3842 ad
771 3775 911 3842 clericos
936 3783 969 3842 et
992 3777 1149 3844 alumnos
1172 3781 1303 3868 regula-

177 3915 249 3974 reS,
289 3891 325 3957 S.
370 3889 597 3978 Congregatio
641 3913 743 3978 super
785 3889 973 3978 Disciplina
1011 3891 1173 3980 Regulari
1210 3893 1304 3960 dedit

178 4005 458 4086 Instructionem,
479 4003 521 4068 27
542 4027 621 4068 nov.
647 4003 748 4084 1892,
771 4004 904 4091 inqua,
927 4004 1016 4069 inter
1036 4006 1147 4071 varias
1165 4029 1303 4074 normas

178 4141 240 4185 seu
268 4118 418 4184 cautelas
446 4141 507 4206 pro
539 4116 627 4181 bono
659 4117 874 4182 alumnorum
906 4117 1071 4183 Ordinum
1096 4120 1304 4208 regularium

212 4350 220 4382 ¹
239 4351 363 4408 Bizzerri,
381 4349 552 4398 collectanea
567 4349 592 4396 S.
610 4351 709 4412 Conpr.
724 4349 772 4412 Ep.
789 4351 814 4397 et
829 4349 902 4412 Ray..
920 4349 1026 4408 llomae,
1044 4355 1116 4408 1885,
1133 4366 1159 4414 p.
1175 4356 1231 4401 8³1.
