3316 5052
328 505 381 559 334
595 509 638 560 DE
658 509 796 561 LEGIBUS
816 508 930 560 SACllAE
948 508 1185 560 oantnsntonls

325 651 435 710 eodem
454 651 551 730 gradu
567 671 629 732 quo
644 673 735 712 veras
751 652 924 732 unicusque
940 651 1064 732 proprie
1079 650 1182 711 dictus
1197 653 1322 726 titulus,
1340 675 1453 736 nempe

328 755 440 816 titulus
469 755 626 838 beneficii.
652 757 704 816 Sic
735 757 801 838 jam
837 757 867 814 in
901 756 1034 816 concilio
1070 756 1239 816 Biterrensi
1275 759 1450 837 (Beziers),

326 883 375 921 an.
396 862 487 934 1233,
504 881 572 921 can.
589 863 630 920 e:
653 887 667 916 a
689 861 763 920 Sine
779 857 872 920 titulo
887 859 1112 942 patrimoniali
1134 870 1259 922 centum
1280 863 1451 924 solidorum

323 965 552 1026 Turonensium
575 965 612 1024 ad
636 965 754 1040 minus,
776 965 824 1025 vel
844 965 1055 1025 ecclesiastico
1075 965 1225 1026 beneficio
1242 971 1449 1049 competenti,

324 1070 406 1130 sicul
422 1069 455 1130 in
467 1071 547 1151 jure
561 1069 711 1130 canonico
731 1075 860 1130 cautum
875 1077 936 1144 est,
954 1069 1146 1129 ordinandus
1167 1071 1205 1131 de
1223 1079 1328 1132 cetero
1348 1073 1451 1134 nulla-

326 1184 416 1235 tenus
441 1173 659 1234 admittatur&
684 1199 698 1228 n
716 1174 761 1232 lta
786 1173 879 1233 etiam
904 1172 1031 1246 Glossa,
1057 1175 1088 1232 in
1117 1193 1187 1235 can.
1213 1175 1395 1254 Neminem,
1420 1183 1448 1250 l,

322 1279 495 1340 dist.'LXX
514 1279 566 1358 (-.-
579 1279 632 1338 cit.
651 1298 719 1338 can.
737 1278 860 1337 concilii
877 1277 1171 1356 Chalcedonensis),
1191 1292 1225 1336 νο
1239 1279 1312 1341 Sive
1326 1302 1450 1362 posses-

322 1382 437 1458 sionis,
455 1383 517 1443 ait:
537 1409 552 1439 «
568 1382 602 1442 ld
618 1391 680 1454 est,
698 1382 723 1440 si
743 1382 906 1441 ordinatur
920 1380 962 1442 ed
977 1382 1107 1442 titulum
1121 1381 1313 1465 patrimonii
1325 1385 1377 1444 sui
1388 1385 1412 1446 ¹.
1431 1411 1447 1442 a

326 1489 415 1549 Unde
431 1488 548 1547 locutio
565 1487 677 1548 titulus
687 1487 893 1571 patrimonii,
907 1487 980 1547 licet
994 1487 1061 1547 hacc
1075 1487 1139 1548 dno
1154 1489 1305 1550 vocabula
1321 1491 1401 1550 inter
1414 1512 1448 1550 se

323 1592 403 1652 male
419 1593 611 1666 cohaereant,
625 1593 677 1674 jus
690 1593 826 1654 civitatis
841 1591 953 1673 adepta
969 1592 1081 1651 eratin
1098 1593 1237 1674 Corpore
1250 1595 1267 1654 J
1272 1595 1346 1654 uris.

361 1699 395 1756 6⁰
417 1697 497 1756 Hinc
518 1705 622 1756 autem
643 1697 740 1756 multa
761 1698 840 1756 mala
861 1703 952 1756 enata
971 1704 1059 1770 sunt,
1082 1705 1147 1756 tum
1167 1698 1239 1780 quia
1254 1699 1286 1757 in
1306 1698 1448 1780 pluribus

322 1801 398 1860 locis
413 1801 633 1880 patrimonium
647 1822 710 1860 non
723 1809 845 1860 tantum
861 1799 961 1874 tituli,
973 1798 1027 1858 sed
1040 1800 1132 1860 etiam
1148 1801 1262 1862 divinae
1276 1803 1448 1864 vocationis

323 1907 424 1966 locum
441 1913 546 1965 tenere
562 1905 663 1965 visum
683 1913 745 1978 est,
764 1913 828 1964 turn
844 1905 916 1986 quia
936 1903 1040 1964 clerici
1061 1905 1153 1965 titulo
1168 1907 1346 1986 patrimonii
1364 1905 1446 1966 ordi-

323 2016 401 2086 uati,
424 2035 481 2074 nec
500 2013 650 2074 habentes
672 2013 855 2073 beneficium
876 2021 930 2072 aut
944 2011 1104 2072 ecelesiam
1125 2011 1234 2092 inqua
1251 2011 1443 2084 laborarent,

320 2118 447 2178 incertis
467 2117 661 2198 vagabantur
680 2117 822 2192 sedibus,
843 2118 908 2176 otio
927 2117 1040 2188 dediti,
1060 2115 1230 2196 multisque
1250 2116 1396 2196 periculis
1414 2123 1447 2176 et

321 2222 410 2282 malis
427 2223 564 2283 obnoxii.
589 2222 670 2281 Hinc
688 2222 719 2280 in
742 2221 874 2282 concilio
889 2221 1072 2280 Tridentino
1092 2220 1197 2300 plures
1216 2221 1352 2301 episcopi
1372 2219 1446 2280 abo-

321 2326 446 2386 lendum
473 2348 540 2387 esse
571 2328 614 2385 sic
637 2325 755 2386 dictum
783 2325 909 2385 titulum
936 2325 1130 2406 patrimonii,
1158 2324 1445 2405 restituendamque

320 2433 448 2490 omnino
470 2431 665 2512 disciplinam
686 2429 975 2491 Chalcedonensem
1000 2427 1221 2490 censuerunt³.
1244 2429 1324 2489 Cum
1340 2441 1444 2490 autem

318 2537 369 2596 alii
388 2537 467 2595 duos
485 2535 610 2610 titulos,
633 2535 772 2595 beneficii
793 2555 905 2615 nempe
924 2543 956 2594 et
976 2533 1168 2615 patrimonii,
1184 2533 1275 2613 justa
1290 2533 1443 2594 invetera-

319 2650 384 2701 tum
406 2661 513 2712 usum,
537 2647 677 2700 servatos
699 2639 831 2712 vellent,
854 2639 953 2699 media
979 2639 1055 2699 inita
1075 2646 1122 2698 cst
1146 2637 1206 2697 via.
1228 2639 1377 2698 Servatus
1395 2647 1443 2698 est

318 2748 428 2806 titulus
449 2745 643 2826 patrimonii,
666 2743 719 2802 sed
740 2743 803 2802 duo
823 2744 914 2802 simul
935 2743 1057 2802 decreta
1084 2751 1173 2812 sunt,
1194 2761 1330 2822 nempe:
1353 2749 1379 2803 l.
1401 2743 1443 2802 Ut

317 2855 482 2934 episcopus
497 2871 560 2909 non
576 2851 735 2910 ordinaret
748 2849 840 2909 titulo
856 2849 1046 2928 patrimonii,
1065 2847 1122 2906 nisi
1135 2873 1150 2904 a
1164 2869 1244 2928 quos
1253 2847 1441 2928 judicaverit

317 2955 519 3016 assumendos
531 2974 592 3034 pro
603 2954 786 3014 necessitate
799 2952 848 3013 vet
858 2951 1080 3012 commoditate
1093 2951 1300 3012 ecclesiarum
1310 2973 1440 3012 suarum

314 3069 397 3142 (cap.
421 3061 501 3121 Cam
522 3081 581 3120 non
603 3059 726 3134 deceat,
749 3063 782 3132 2,
807 3079 881 3119 sess.
904 3057 992 3130 XXI,
1011 3057 1056 3116 Da
1073 3059 1169 3136 ass.);
1187 3093 1226 3102 «-
1241 3061 1271 3118 2.
1290 3057 1332 3117 Ut
1346 3077 1441 3118 unus·

313 3166 447 3247 quisque
462 3167 593 3226 clericus
608 3163 651 3224 illi
667 3164 821 3238 ecclesian,
838 3171 892 3222 aut
908 3163 960 3242 pio
977 3163 1061 3237 loco,
1079 3183 1136 3244 pro
1150 3163 1241 3244 cujus
1256 3163 1440 3224 necessitate

313 3279 370 3330 aut
388 3269 522 3328 utilitate
538 3267 764 3340 assumebatur,
781 3267 1001 3340 ascriberetur,
1018 3267 1071 3326 ubi
1089 3267 1153 3326 suis
1173 3247 1357 3347 fungeretur
1372 3289 1438 3328 mu·

315 3372 440 3434 neribus
460 3374 544 3452 (cap.
567 3373 645 3433 Cum
668 3372 791 3449 nutius,
811 3375 863 3446 16,
883 3393 958 3432 sess.
980 3371 1101 3444 xxlll,
1122 3353 1170 3430 lis
1189 3375 1279 3449 aaa).
1299 3373 1437 3434 -Cum

313 3486 417 3540 autem
445 3485 551 3558 postea
582 3477 648 3536 haec
674 3477 838 3557 disciplina
870 3477 1091 3556 negligeretur,
1122 3485 1154 3536 et
1181 3476 1271 3536 multi
1300 3477 1436 3558 episcopi

312 3581 470 3664 quoslibet
488 3581 599 3641 obvios
620 3581 713 3641 titulo
736 3581 930 3662 patrimonii,
954 3601 1015 3640 non
1043 3583 1171 3642 attentis
1192 3603 1317 3642 suarum
1340 3582 1437 3642 eccle-

345 3777 352 3810 ¹
371 3776 472 3834 blansi,
488 3779 508 3824 t.
524 3789 600 3832 xxur,
616 3775 668 3822 col.
685 3779 738 3825 2¹11.
788 3781 799 3798 '

342 3854 354 3890 ²
370 3855 441 3902 Nota
454 3853 544 3901 obiter
556 3852 680 3900 Glossam
697 3854 765 3901 male
781 3853 954 3916 interpretari
970 3851 1133 3900 vocabulum
1145 3853 1325 3916 possessionis
1339 3855 1434 3917 (grece

311 3930 419 3997 κωμῆς),
435 3931 508 3994 quod
523 3927 656 3993 significat
666 3945 783 3994 papum,
800 3946 854 3979 non
870 3929 1080 3996 patrimonium.
1096 3931 1247 3994 -Corpus
1260 3931 1337 3995 juris
1355 3947 1435 3981 esno-

311 4011 366 4060 nici
380 4024 441 4058 cnm
454 4008 566 4073 plessis,
583 4007 717 4070 Lugduni,
733 4013 806 4068 1671,
823 4013 842 4058 t.
857 4025 879 4068 r,
895 4025 922 4071 p.
937 4012 991 4058 tlt.

341 4090 352 4126 ³
369 4089 408 4137 Cl.
422 4089 488 4135 Arta
503 4102 577 4134 cone.
597 4085 671 4134 Trid.
687 4085 738 4134 sub
754 4086 802 4136 Pio
817 4087 865 4145 IV,
881 4102 897 4135 a
912 4087 987 4137 card.
1004 4087 1125 4136 Paleotto
1140 4087 1308 4150 conscripta,
1327 4101 1393 4136 sess.
1409 4088 1433 4134 V

265 4159 266 4164 ¹
310 4169 418 4230 (nempe
431 4165 513 4228 XXI),
529 4165 599 4226 apud
612 4165 737 4224 Theiner,
751 4163 817 4214 dcta
831 4165 988 4215 authentica
1003 4180 1076 4216 rone.
1095 4165 1180 4223 Tris„
1194 4169 1214 4214 t.
1230 4181 1257 4223 u,
1272 4181 1300 4228 p.
1314 4170 1432 4226 aea-tom

309 4271 339 4282 -
354 4245 388 4294 cs.
402 4245 482 4293 etiam
497 4242 662 4302 pallavicini,
672 4243 792 4292 Histoire
806 4245 843 4293 du
858 4245 963 4294 concile
972 4244 1005 4294 de
1017 4245 1122 4302 Trsnte,
1135 4244 1153 4291 l.
1168 4243 1254 4300 XVH,
1272 4258 1295 4292 c.
1313 4259 1346 4296 rx.
1360 4259 1386 4292 n.
1402 4250 1431 4301 ὃς

308 4325 350 4372 ed.
365 4323 469 4383 blipnc,
489 4323 769 4382 tet-t,t.u.p.119t.
