3238 5052
299 445 440 496 NO'll'l'lAE
461 444 645 495 illS'l'OlthAE
663 445 760 496 elaea
782 444 878 495 ltl'l'US
898 444 1134 495 onutsarroa'ts
1230 442 1282 496 l69

196 587 229 646 4υ
241 587 383 648 Traditio
398 589 486 648 stolae
502 595 532 648 et
545 587 681 670 (labelli.
692 625 731 636 -
745 589 818 649 llaec
834 590 1013 670 praescripta
1029 596 1076 648 cst
1090 590 1121 647 in
1137 590 1281 648 omnibus

158 693 373 773 Euclaologiis‚
392 715 453 754 non
474 715 549 753 vero
568 694 599 752 in
620 695 672 754 cit.
692 695 790 754 tribus
809 695 946 774 antiquis
965 693 1195 754 documentis¹.
1215 685 1281 754 Fra·-

157 797 272 858 bellum
290 799 424 858 traditur
438 799 504 858 sine
519 799 677 870 oratione,
694 808 747 859 aut
765 800 908 859 formula.

197 1012 281 1074 219.
312 1046 350 1056 —
383 1013 571 1074 Ordinatio
606 1012 892 1074 subdiaconatus.
925 1049 960 1055 —
996 1012 1086 1071 ttitus
1122 1019 1193 1070 sunt
1228 1013 1280 1091 qui

155 1123 353 1197 sequuntur:
556 1121 559 1130 “

202 1226 230 1278 l⁰
246 1219 407 1302 impositio
428 1243 541 1283 manus
561 1243 631 1282 eum
652 1222 783 1282 relatiua
804 1221 956 1282 oratione.
972 1259 1011 1266 --
1030 1222 1105 1280 llaec
1125 1222 1282 1302 impositio

157 1345 268 1386 manus
290 1327 428 1407 episcopi
454 1349 547 1408 super
568 1327 775 1388 ordinandum
801 1348 861 1386 non
885 1334 1076 1386 memoratur
1099 1327 1225 1406 quidem
1251 1325 1281 1383 in

162 1430 360 1492 Testamenti)
375 1431 539 1508 Domini’,
556 1433 608 1492 sed
630 1434 661 1491 in
679 1431 966 1492 (lonstitutiom'brm
981 1430 1185 1513 apostolicis³
1205 1441 1235 1489 et
1251 1431 1280 1488 in

158 1535 303 1594 omnibus
327 1535 545 1617 li'nelrolopiis.
566 1537 599 1596 ln
621 1538 760 1596 oratione
783 1537 960 1596 indicantur
975 1537 1131 1617 praecipua
1154 1555 1280 1594 manera

157 1640 337 1701 subdiaconi
350 1641 440 1722 juxta
457 1643 550 1700 ritum
567 1642 748 1702 orientalem
761 1641 783 1700 ⁴.

197 1749 229 1802 *2⁰
248 1745 391 1806 Traditio
407 1745 700 1822 instrumentorum,
717 1767 827 1826 nempe
843 1745 987 1806 mantilis
999 1751 1067 1824 (seu
1083 1745 1282 1822 manutergii)

157 1859 187 1910 et
205 1850 352 1931 pollubri
366 1851 438 1931 (seu
461 1852 577 1932 pelvis)
592 1873 662 1912 cum
685 1873 764 1912 uase.
784 1851 875 1911 Nulla
896 1852 996 1911 oratio
1016 1851 1184 1912 comitatur
1204 1851 1283 1910 banc

159 1955 369 2016 traditionem.
387 1991 427 2000 -
443 1955 622 2016 Notandum
638 1965 685 2015 est
701 1956 780 2015 harre
800 1956 999 2016 traditionem
1018 1977 1084 2015 esse
1104 1964 1280 2026 recentem3

159 2083 219 2121 non
245 2062 327 2120 enim
354 2070 546 2121 memoratur
573 2062 603 2120 in
627 2040 831 2121 ''l'esumento
856 2083 912 2120 nec
937 2063 967 2120 in
996 2060 1281 2122 Constitutionibus

157 2165 355 2249 apostolicis,
378 2187 434 2226 nec
456 2167 486 2226 in
508 2166 669 2226 codicibus
694 2165 882 2226 Barberim'o
902 2175 934 2226 et
954 2167 1084 2247 Crypta’
1100 2167 1280 2236 Ferratre⁵;

159 2273 189 2330 in
211 2272 279 2332 aliis
301 2271 461 2331 codicibus
482 2293 544 2330 non
568 2271 702 2330 traditur
726 2272 783 2330 nisi
807 2272 934 2331 mantile
945 2271 967 2330 ⁰.
993 2271 1083 2352 Apud
1105 2273 1280 2330 Simeonem

156 2377 428 2446 Thessalonicum,
443 2377 507 2456 jam
526 2376 660 2436 traditur
676 2384 843 2456 utrumque
855 2375 877 2437 l.

196 2590 280 2652 220.
297 2621 335 2632 --
351 2589 539 2650 Ordinatio
553 2589 697 2650 lectoris
710 2604 771 2649 seu
786 2591 955 2650 cantoris.

200 2699 228 2750 Ιο
245 2693 350 2752 Primo
366 2701 396 2752 et
416 2700 488 2752 ante
505 2692 607 2752 omnia
628 2692 821 2751 ordinandus
841 2692 950 2772 recipit
972 2700 1131 2751 tonsuram
1151 2691 1281 2750 clerica-

157 2797 233 2863 lem,
248 2797 290 2858 ita
307 2805 341 2856 ut
356 2798 478 2856 initium
497 2797 575 2856 ritus
589 2797 682 2876 hujus
698 2797 904 2855 ordinationis
918 2798 957 2856 sit
973 2797 1070 2876 prima
1090 2804 1227 2856 tonsura.
1242 2833 1281 2840 —

187 2991 194 3022 ¹
214 2992 254 3039 De
268 2991 379 3054 flabello
395 2993 429 3040 ct.
442 2991 560 3040 Simeon.
573 2993 704 3050 Thessal,
716 3007 740 3038 e.
752 3007 855 3042 nrnxrr.
872 2993 923 3040 eol.
935 2997 993 3045 3⁸⁸2:
1009 3019 1032 3026 ·-
1045 2988 1146 3043 Morio.
1159 2995 1228 3053 part.
1242 2991 1279 3043 ll.

155 3070 254 3118 Annot.
272 3069 299 3117 in
316 3073 422 3118 Graecas
442 3070 541 3123 oratio..
565 3075 620 3118 not.
635 3076 677 3120 tt.
699 3086 724 3132 p.
743 3076 799 3121 ran:
817 3099 843 3104 -
861 3071 1006 3132 Martigny.
1028 3068 1214 3118 Dirtiounaire
1233 3070 1280 3117 der

154 3147 303 3212 antiquitis
318 3147 502 3204 clarificares,
520 3157 550 3192 νῦ
566 3147 729 3201 Ηᾱὸεὶῑυηι,
748 3149 835 3198 Paris.
855 3154 925 3199 tritu,
942 3165 968 3210 p.
985 3155 1038 3195 δι”).
1055 3175 1084 3184 -
1104 3147 1174 3196 Usus
1189 3148 1281 3195 liabet-

154 3227 240 3274 lorum
256 3227 328 3288 viget
344 3227 431 3274 adbuc
447 3227 472 3274 in
489 3227 608 3274 Ecclesia
625 3227 768 3278 Orientali.
786 3242 839 3275 non
855 3242 919 3274 vero
935 3227 1064 3288 amplius.
1081 3243 1095 3274 u
1111 3227 1210 3274 sternio
1226 3241 1278 3276 xrs.

153 3305 180 3351 in
196 3305 315 3352 Ecclesia
331 3305 437 3362 Latina.
455 3305 505 3352 nisi
521 3321 569 3366 pro
586 3305 707 3353 itomano
722 3305 853 3354 Pontiticc
868 3306 894 3352 in
910 3305 1135 3354 associationibus
1149 3305 1277 3352 solemni-

154 3382 218 3434 bus:
239 3383 274 3431 et.
291 3383 411 3440 bloroni,
428 3383 570 3446 Cbapetles
586 3383 711 3446 papales,
735 3383 821 3434 l’aris.
841 3388 913 3440 reto,
934 3399 959 3445 p.
976 3387 1029 3430 aaa.
1049 3411 1074 3418 —
1091 3383 1216 3436 Ceterum
1237 3384 1278 3430 irie

154 3477 218 3509 usus
233 3463 437 3524 antiquissimus
453 3467 507 3510 est.
520 3477 580 3509 cum
592 3462 649 3524 jam
665 3466 829 3510 memoretur
841 3463 865 3508 in
879 3461 1025 3510 camenae.
1037 3463 1139 3524 Apost..
1154 3461 1277 3512 liinl'llt

153 3555 176 3588 c.
192 3554 240 3594 sn:
258 3540 360 3602 litigare,
379 3541 406 3588 Ρ.
422 3543 462 3596 6.,
478 3545 495 3589 t.
514 3557 533 3595 ι,
550 3541 601 3589 col.
620 3547 687 3588 taor.

184 3619 194 3652 ²
213 3618 270 3666 Lib.
288 3618 312 3674 l,
328 3635 350 3667 c.
368 3633 435 3676 xilv,
452 3635 478 3681 p.
497 3625 547 3667 toa.

184 3697 195 3732 ³
213 3697 271 3745 Lib.
289 3695 366 3747 l'lil.
383 3714 406 3746 e.
423 3713 479 3755 sm,
496 3698 547 3746 eol.
565 3703 633 3744 lits,

183 3775 193 3808 ⁴
211 3774 423 3837 l⁴.'uclrolo·qiurrt⁹
440 3791 482 3824 an.
500 3782 572 3827 tottii.
590 3775 661 3838 apud
677 3776 758 3826 tloar.
776 3793 801 3838 p.
818 3781 871 3824 att.

183 3853 312 3908 tator-in,
330 3867 355 3914 p.
373 3859 414 3909 as,
431 3859 469 3901 66.

181 3931 193 3966 t
210 3931 312 3988 Morio,
329 3947 354 3994 p.
371 3937 414 3990 68,
432 3935 474 3985 m,
491 3939 528 3979 ⁸6.

180 4009 192 4044 ⁷
209 4011 269 4058 Luc.
285 4009 345 4066 cn..
361 4027 384 4058 c.
401 4026 490 4068 coxan,
507 4013 558 4060 col.
575 4017 629 4060 367.
647 4039 675 4048 -
693 4011 721 4058 ln
741 4027 793 4058 nno
814 4013 919 4068 codiee,
937 4027 1032 4074 nempe
1048 4011 1201 4063 attaliam,
1219 4015 1274 4059 tru-

150 4088 225 4136 ditur
238 4089 364 4136 ordinato
378 4087 548 4146 sticharium,
566 4105 612 4136 seu
629 4089 729 4146 tunica,
747 4090 843 4138 Murio.
861 4105 886 4151 p.
901 4094 943 4138 εἷς
961 4091 1008 4137 sed
1021 4091 1078 4137 inec
1094 4091 1203 4138 rustitio
1219 4090 1274 4137 lieri

151 4167 233 4221 solet,
250 4167 328 4228 jussu
348 4168 481 4230 episcopi,
497 4171 560 4216 ante
579 4167 789 4217 ordinationem.
807 4167 847 4216 Ct.
865 4169 915 4214 alia
936 4167 1101 4230 Enrlrolopia
1123 4173 1150 4216 et
1169 4169 1274 4216 Simeo—
1296 4161 1299 4168 ’

152 4259 226 4302 nem,
240 4260 263 4293 c.
280 4259 355 4292 casn.
373 4245 413 4292 De
428 4247 568 4297 stichario.
585 4247 619 4294 et.
634 4247 715 4298 Goar.
732 4263 758 4309 p.
775 4253 826 4293 tto.
