3316 5052
335 459 388 514 272
603 460 646 510 DE
665 459 803 512 LEGIBUS
823 460 936 512 SACRAE
955 460 1190 513 onnlulrlouls

380 609 413 674 3⁰
441 605 479 672 Si
506 603 688 691 recipiatur
708 604 986 691 presbyteratus,
1012 603 1139 670 omisso
1170 605 1366 688 diaconatu,
1392 605 1458 672 ite-

336 745 412 789 rum
430 719 544 786 valida
567 725 620 784 est
644 717 824 784 ordinatio.
846 755 890 768 -
914 719 1059 786 Constat
1082 719 1220 785 omnino
1245 743 1326 785 mox
1349 719 1457 787 relato

334 861 408 926 cap.
436 835 514 900 Tuae
532 833 668 915 littere,
692 835 727 912 1,
749 833 800 898 Du
820 853 948 900 cnnnrco
972 853 1031 898 ran
1055 855 1179 901 sacrun
1202 854 1368 917 rnouoro,
1390 857 1458 922 quo

335 949 494 1018 Pontifex
514 927 678 1013 omissum
697 947 914 1014 diaconatum
932 948 1037 1036 recipi
1051 947 1165 1037 jubet,
1183 955 1357 1036 receptum
1375 971 1457 1014 vero

334 1064 610 1168 presbyteratum
627 1061 781 1126 validum
800 1062 974 1150 supponit.

380 1181 416 1246 l0
430 1178 466 1246 Si
479 1176 660 1264 recipiatur
673 1176 893 1262 episcopatus,
907 1177 1034 1242 omisso
1048 1176 1298 1266 presbyteratu,
1315 1177 1459 1244 redeunt

336 1291 576 1363 controversiae
607 1313 709 1378 supra
741 1291 904 1378 expositae
934 1290 970 1355 in
1000 1314 1030 1356 c.
1063 1313 1074 1357 1
1108 1291 1164 1382 (n.
1191 1291 1257 1381 5);
1289 1291 1379 1358 unde
1408 1291 1458 1356 nil

336 1408 482 1497 amplius
500 1405 555 1470 hic
574 1404 767 1470 dicendum.
825 1420 828 1426 ’

368 1523 433 1588 Ex
462 1521 528 1586 hoc
556 1541 636 1605 ergo
661 1540 727 1582 usu
753 1517 914 1584 Ecclesiae
942 1524 1016 1583 orta
1042 1527 1095 1584 est
1120 1519 1251 1586 theoria
1278 1519 1454 1602 canonica,

331 1637 430 1726 juxta
450 1655 553 1722 quarn
572 1631 707 1697 ordines
726 1631 917 1719 superiores
936 1639 1117 1698 censentur
1132 1631 1398 1722 independentes
1415 1631 1457 1698 ab

334 1747 565 1829 inferioribus,
591 1746 639 1811 ita
661 1752 701 1810 ut
724 1743 789 1828 illi,
812 1745 865 1810 his
888 1745 1042 1828 omissis,
1063 1745 1174 1812 valide
1193 1746 1298 1835 recipi
1317 1754 1454 1836 queant.

326 1857 434 1944 'Quod
464 1859 601 1928 aliunde
636 1859 735 1924 valde
771 1859 929 1946 congruit
963 1869 1093 1926 naturae
1127 1859 1340 1950 singulorum
1368 1859 1458 1926 ordi-

333 1997 437 2058 num;
464 1977 528 2056 sic,
554 1999 589 2039 v,
616 1997 665 2062 g.,
691 1979 842 2061 potestas
867 1974 1088 2040 consecrandi
1114 1998 1237 2064 corpus
1263 1981 1297 2040 et
1321 1973 1457 2061 sangui-

333 2115 415 2157 nem
442 2088 568 2156 Christi
594 2088 643 2153 nil
670 2110 848 2153 commune
875 2087 977 2155 habet
1004 2112 1082 2154 curn
1107 2095 1275 2178 potestate
1301 2088 1458 2154 ordinum

333 2204 545 2270 inferiorum.

379 2433 475 2504 106.
494 2471 539 2482 -
556 2433 692 2502 Poenae
710 2437 849 2500 contre
867 2431 1072 2500 ordinatos
1096 2449 1168 2519 per
1186 2430 1344 2500 saltum.

380 2551 412 2614 1ο
431 2549 523 2614 Ante
542 2545 673 2612 bullam
691 2545 893 2631 Apostolicae
911 2545 1023 2629 Sedis,
1046 2569 1100 2611 an.
1124 2545 1227 2627 1869,
1248 2545 1312 2610 hoc
1331 2554 1404 2612 erat
1423 2547 1458 2612 in

334 2665 400 2730 isto
419 2685 501 2728 casu
515 2662 573 2750 jus
591 2659 772 2748 poenale¹t
879 2741 883 2748 ἡ

379 2801 410 2843 a.
437 2775 502 2856 Qui
520 2781 693 2864 receperat
712 2774 866 2839 ordinem
878 2797 943 2860 per
960 2773 1100 2858 saltum,
1119 2797 1305 2863 suspensus
1324 2781 1397 2841 erat
1416 2773 1458 2840 ab

334 2891 451 2958 ordine
470 2889 558 2954 male
577 2895 711 2974 recepto
732 2887 819 2976 (non
838 2911 919 2952 vero
940 2885 982 2954 ab
1006 2887 1083 2952 aliis
1107 2886 1192 2954 bene
1213 2889 1393 2979 receptis),
1415 2913 1457 2954 ex

334 3006 441 3071 relato
460 3025 533 3091 cap.
557 3003 634 3066 Ture
650 3001 786 3086 littere,
807 3001 840 3082 1,
859 3001 911 3066 De
926 3021 1055 3069 cnaarco
1071 3023 1129 3068 run
1145 3025 1270 3069 seiron
1285 3023 1454 3082 rnouor03

337 3146 353 3180 a
374 3116 593 3197 Mandamus,
611 3121 779 3203 quatenus
793 3115 998 3202 condignam
1012 3116 1250 3204 poenitentiam
1264 3140 1325 3204 pro
1341 3117 1456 3205 hujus-

334 3230 426 3296 modi
449 3229 658 3318 negligentia
684 3229 843 3317 injungas
867 3229 978 3294 eidem
1003 3227 1262 3320 (presbytero);
1290 3253 1357 3319 qua
1379 3253 1458 3319 per-

335 3352 466 3426 acta...,
495 3345 607 3432 ipsum
633 3343 668 3408 in
694 3342 873 3408 diaconum
902 3341 1058 3409 ordinare
1083 3367 1261 3432 procures,
1288 3353 1320 3410 ct
1345 3345 1392 3410 sic
1417 3345 1458 3408 de

336 3459 564 3524 misericordia
584 3457 739 3522 cumdem
760 3457 955 3522 ministrare
969 3459 1153 3543 permittas
1169 3460 1203 3524 in
1218 3461 1337 3524 ordine
1351 3481 1458 3525 aecer-

335 3573 433 3638 dotia.
459 3597 474 3632 »
500 3571 550 3636 Dc
574 3593 641 3660 qua
665 3570 887 3658 suspensione
910 3571 982 3636 haec
1005 3570 1150 3638 dicenda
1175 3592 1182 3638 :
1212 3575 1242 3638 1.
1272 3573 1354 3639 Erat
1382 3573 1457 3638 latae

333 3687 520 3769 sententiar,
540 3693 579 3752 ut
597 3691 691 3773 patet
709 3685 793 3772 ipsis
812 3685 986 3766 terminis,
1009 3685 1092 3752 dum
1116 3694 1254 3752 econtra
1279 3687 1457 3775 suspensio

335 3803 404 3867 lata
422 3800 457 3864 in
477 3799 533 3865 cit.
556 3821 631 3864 can.
652 3797 869 3882 Sollicitudo,
894 3803 929 3881 1,
951 3797 1031 3865 dist.
1055 3799 1133 3882 Lll,
1155 3807 1273 3866 contra
1297 3801 1457 3866 clericum

335 3916 393 4006 qui
412 3913 572 3980 omiserat
590 3911 873 3979 subdiaconatum
892 3935 962 3978 non
986 3920 1039 3979 est
1062 3913 1130 3980 nisi
1151 3916 1301 4001 serendae
1324 3923 1458 3981 senten-

367 4118 375 4152 ¹
394 4117 433 4167 Cf.
449 4117 615 4174 Thesaurus,
633 4115 671 4162 De
686 4113 788 4178 poenia,
810 4123 839 4161 v⁰
856 4114 940 4174 Ordo,
961 4131 985 4164 c.
1005 4129 1064 4176 xur;
1085 4117 1127 4165 ed.
1144 4116 1260 4176 Giraldi,
1280 4133 1307 4181 p.
1323 4121 1457 4179 315-316,

335 4223 366 4235 -
378 4196 487 4256 Sume,
503 4195 542 4244 De
560 4193 697 4251 censuris,
716 4193 785 4256 disp.
804 4193 907 4254 xxxi,
928 4195 994 4244 sect.
1009 4209 1030 4254 r,
1051 4209 1077 4245 n.
1093 4197 1122 4245 11
1137 4208 1193 4258 eq.;
1210 4222 1238 4232 -
1253 4194 1403 4258 Bonacina,
1417 4195 1458 4246 Dc

335 4273 471 4334 censuris,
487 4274 557 4337 disp.
574 4271 626 4330 111,
642 4285 668 4334 q.
685 4287 706 4328 r,
724 4273 818 4334 punct.
831 4277 855 4320 2.
