3290 5060
308 488 344 540 92
577 489 621 540 DE
640 489 778 541 LEGIBUS
799 489 912 540 SACRAE
932 487 1169 540 ORDleTlONlS

308 633 388 722 quia
407 633 554 721 primum
580 633 666 698 illud
691 631 901 697 domicilium
921 638 973 697 est
992 631 1090 720 quasi
1108 628 1317 694 domicilium
1336 629 1437 717 origi-

309 745 380 825 nis,
402 746 494 834 quod
513 746 712 812 invariabile
732 751 823 822 est¹.‚

354 861 388 924 4⁰
409 859 527 935 Quoad
546 862 680 946 eosqui
703 862 776 925 neti
794 870 875 926 sunt
899 864 935 928 in
960 862 1056 945 locis,
1080 860 1139 926 uhi
1164 882 1230 925 non
1254 859 1348 924 adest
1366 859 1439 945 cpi-

308 997 428 1060 scopus
447 975 644 1040 catholicus.
661 1013 705 1024 -
721 975 802 1040 Haec
821 975 965 1042 dicenda
982 995 990 1043 τ

354 1112 385 1156 a.
408 1088 461 1172 Si,
483 1089 518 1154 in
542 1087 617 1153 loco
641 1088 698 1153 ubi
718 1089 795 1176 quis
818 1091 1018 1156 normaliter
1041 1097 1141 1158 natus
1165 1096 1234 1170 est,
1256 1110 1325 1153 non
1348 1085 1439 1152 adsit

310 1203 490 1290 episcopus
521 1202 727 1286 catholicus,
759 1203 814 1268 hio
844 1203 956 1286 locus,
992 1205 1135 1271 relative
1165 1203 1209 1269 ad
1240 1203 1438 1290 episcopum

309 1315 440 1382 ratione
467 1316 624 1404 originis,
650 1323 704 1382 est
727 1317 825 1404 quasi
850 1341 919 1382 non
946 1318 1006 1399 sit;
1029 1318 1135 1400 unde,
1161 1325 1263 1406 prout
1289 1312 1439 1402 disponit

310 1428 404 1494 bulla
429 1429 664 1516 Speculatores
689 1430 724 1495 in
750 1455 831 1496 casu
859 1431 980 1514 simili,
1009 1431 1237 1498 attendendus
1264 1435 1317 1495 est
1341 1427 1438 1492 locus

310 1544 453 1629 oripinis
479 1545 584 1630 ipsius
604 1546 740 1630 patris,·
763 1544 854 1632 quod
880 1546 909 1609 si
935 1569 997 1610 nec
1023 1546 1059 1610 in
1083 1545 1148 1612 hoc
1174 1545 1249 1610 loco
1274 1541 1439 1608 habeatur

310 1657 491 1746 episcopus
510 1659 709 1740 catholicus,
731 1657 866 1724 videtur
890 1660 1022 1725 attendi
1040 1682 1140 1749 posse
1164 1659 1277 1723 locum
1296 1655 1439 1740 oripinis

312 1774 444 1857 matris,
458 1780 498 1837 ut
510 1796 552 1837 ex
567 1772 707 1859 praelata
720 1771 814 1838 bulla
829 1773 951 1839 deduci
968 1779 1083 1860 potest
1097 1795 1158 1861 pro
1174 1795 1255 1837 casu
1267 1769 1326 1836 ubi
1342 1775 1440 1857 pater

310 1885 400 1952 desit
418 1885 575 1976 (nempe,
591 1910 652 1974 pro
672 1885 909 1975 illegitimisp.
928 1887 962 1952 Si
978 1909 1041 1952 nec
1056 1886 1111 1952 hic
1125 1885 1290 1951 habeatur
1309 1882 1438 1971 episco-

310 2023 376 2087 pus
399 1999 603 2082 catholicus,
630 2001 727 2066 deest
755 2001 893 2066 omnino
918 2001 1097 2088 episcopus
1124 2001 1253 2064 ratione
1276 1997 1435 2082 oripinis,

310 2116 346 2174 et
370 2109 510 2198 proinde
533 2111 775 2176 recurrendum
802 2118 855 2176 est
882 2111 926 2176 ad
949 2110 1055 2175 alium
1084 2111 1281 2198 episcopum
1307 2105 1438 2171 ratione

311 2223 486 2306 domicilii,
507 2224 563 2287 vel
580 2225 842 2310 familiaritatis,
859 2224 959 2312 juxta
978 2223 1049 2289 haee
1068 2247 1144 2312 quse
1162 2221 1249 2287 infra
1269 2221 1435 2286 dicentur.

356 2338 392 2406 b.
414 2335 450 2402 Si
468 2337 580 2419 locus,
603 2339 638 2403 in
658 2361 725 2427 quo
745 2338 822 2427 quis
841 2338 1039 2404 normaliter
1062 2344 1164 2403 natus
1187 2343 1256 2418 est,
1278 2334 1323 2400 sit
1348 2334 1438 2398 locus

313 2452 496 2536 missionis,
519 2451 572 2516 cui
595 2452 711 2540 praesit
734 2451 881 2518 vicarius
904 2451 1128 2540 apostolicuS,
1155 2457 1237 2540 puto
1261 2449 1352 2514 hunc
1377 2446 1439 2511 ha-

312 2565 384 2630 beri
402 2565 525 2630 debere
544 2573 583 2631 ut
605 2565 803 2653 episcopum
827 2565 987 2654 originis;
1013 2565 1095 2631 licet
1118 2565 1209 2630 enim
1232 2561 1380 2642 nonsit,
1402 2559 1438 2624 in

312 2702 415 2746 sensu
433 2679 536 2768 juriS,
560 2679 739 2769 episcopus
758 2679 987 2762 dioecesanus,
1009 2686 1176 2758 attamen,
1199 2677 1276 2766 jure
1295 2699 1315 2741 a
1335 2676 1435 2741 Rom.

313 2795 476 2859 Pontifice
496 2793 670 2880 delegato,
694 2792 812 2877 habet,
835 2794 878 2860 ad
897 2793 1084 2882 regendum
1104 2815 1204 2858 suum
1223 2789 1435 2870 vicariatum,

312 2915 419 2973 totam
439 2907 712 2995 jurisdictionem
736 2907 980 2997 episcopalem,
1002 2914 1037 2972 et
1060 2906 1202 2995 proinde
1219 2907 1284 2992 jus
1303 2903 1438 2971 ordina-

313 3023 413 3087 tionis
420 3040 435 3106 ,·
460 3022 549 3088 unde
577 3023 679 3088 etiam
706 3023 900 3112 hujusmodi
926 3022 1043 3088 vicarii
1073 3019 1252 3110 apostolici
1282 3017 1438 3107 insigniri

311 3134 424 3203 solent
440 3137 634 3202 charactere
650 3137 845 3224 episcopali.
861 3137 938 3202 Non
953 3136 1043 3200 idem
1059 3135 1202 3201 dixerim
1215 3134 1257 3199 de
1270 3131 1439 3222 praelectis

312 3249 525 3338 apostoliciS,
553 3251 612 3338 qui
637 3273 705 3314 non
732 3251 844 3316 solent
869 3251 904 3315 in
935 3250 1112 3338 episcopos
1140 3247 1346 3328 consecrari,
1374 3267 1437 3310 nec

312 3363 473 3429 videntur
491 3363 645 3453 deputati
663 3364 707 3430 ad
726 3363 897 3430 faciendas
915 3362 1157 3428 ordinationes.

357 3595 425 3664 31.
441 3633 486 3642 —
501 3581 692 3680 Speoisli's
711 3593 921 3680 episcopus
940 3591 1108 3680 originis
1122 3587 1254 3678 quood
1273 3605 1438 3656 conver-

310 3727 378 3776 sos
397 3727 447 3775 ex
464 3707 487 3776 J
489 3707 615 3776 udaeis
634 3707 803 3796 aliisque
821 3705 1063 3776 infidelibus.

358 3825 393 3886 l⁰
411 3821 448 3887 Si
472 3821 549 3908 quis
573 3845 615 3886 ex
639 3822 782 3902 ludaeis,
810 3829 868 3887 aut
892 3820 967 3885 aliis
991 3817 1186 3884 infidelibus
1209 3813 1434 3906 quibuslibet,

312 3936 356 4003 ad
369 3935 471 4001 fidem
491 3934 693 4000 catholicam
713 3941 942 4016 eonvertatur,
961 3941 995 3999 et
1014 3956 1148 3999 sacrum
1167 3930 1308 4019 recipiat
1325 3927 1438 4017 bapti-

313 4073 401 4133 sma,
424 4049 528 4115 babet
549 4057 589 4115 ut
612 4049 808 4138 episcopum
832 4048 989 4138 originis,
1011 4049 1203 4134 episcopum
1229 4046 1335 4133 liujus
1360 4045 1438 4108 civi·

343 4223 353 4256 ¹
371 4221 413 4272 lte
428 4221 601 4280 Honoratam,
618 4220 667 4270 loc.
683 4219 739 4278 cit,
756 4223 818 4269 tert.
834 4220 909 4278 dub,
923 4220 951 4268 in
966 4219 1032 4278 line,
1049 4233 1075 4281 p.
1092 4223 1131 4268 20.

343 4301 354 4336 ¹
372 4301 412 4350 lte
427 4300 599 4359 Honorem,
617 4299 667 4349 loc.
684 4297 739 4355 cit,
756 4300 835 4361 prim.
849 4299 924 4357 dub.,
942 4313 968 4361 p.
984 4302 1077 4346 16-17.
