3238 5052
305 450 445 499 nu'rlrtu
465 451 649 500 maronica:
668 452 763 500 (aaut
785 451 881 500 mres
902 449 1138 500 uuurm'norrs
1233 445 1285 498 455

162 593 243 652 circa
267 613 318 650 an.
347 592 454 652 luent
477 593 693 653 —Paulatim
718 601 828 653 auctus
852 601 899 652 est
926 593 1019 664 ritus;
1045 592 1076 650 in
1103 589 1287 671 I'outificati

162 697 351 766 Senonenai‚
368 699 448 758 circa
465 720 516 757 an.
534 703 618 768 120⁰,
635 699 829 758 ordinandus
844 698 985 757 induitur
1000 715 1118 778 eappan·
1133 697 1165 756 in
1181 695 1284 754 Sitra-

162 802 315 878 nectcnsi,
329 804 409 863 circa
425 826 475 863 an.
495 805 726 875 retardemini
743 803 891 871 habitus:
907 803 937 861 in
954 801 1190 883 :tndecsaeensn
1204 801 1284 860 circa

161 929 212 968 aar.
239 909 327 976 ltin,
350 909 492 968 induitur
513 909 755 990 superpelliceo,
777 909 901 967 dicente
923 908 1071 988 episcopo
1091 925 1097 965 :
1120 905 1237 964 Induat
1257 913 1285 964 te

162 1013 317 1074 Itourinus
333 1035 442 1072 norum
461 1013 634 1090 homiuem,
652 1023 711 1074 ete.
725 1014 747 1073 ².

236 1301 255 1372 ξ
274 1301 307 1357 3.
329 1299 436 1358 Rttus
457 1299 708 1357 ordinationis
728 1299 768 1356 ln
789 1299 972 1358 hodierno
994 1297 1208 1354 Pontltieati

641 1411 809 1454 connino.

200 1635 283 1696 209.
300 1667 338 1676 -
354 1635 581 1694 consecratio
594 1633 826 1710 episcopalis..

204 1745 230 1796 Ιυ
257 1737 333 1798 Trea
357 1735 498 1817 episcopi
522 1735 680 1818 requisiti.
701 1773 741 1780 -
763 1736 808 1796 tta
830 1737 921 1816 jubet
942 1735 1063 1794 rubrica
1085 1734 1283 1816 'l'outisicatir

161 1841 309 1914 Bouiani,
332 1843 363 1900 in
386 1843 433 1902 tit.
456 1842 502 1902 De
525 1841 758 1904 consecratione
779 1841 872 1902 electi
893 1841 924 1900 in
948 1840 1149 1921 episcopum·
1171 1849 1284 1920 prater

158 1957 424 2016 consecratorem,
450 1973 464 2000 (ι
488 1946 591 2006 adsint
612 1947 675 2005 duo
701 1947 739 2005 act
767 1945 1030 2026 rninus'cpiseopi
1052 1946 1242 2004 assistentes.
1268 1973 1281 1996 n

160 2055 220 2134 ipsi
248 2053 340 2112 Rom.
370 2052 551 2123 Pontifices,
578 2053 630 2132 qui
659 2053 732 2132 olim
759 2054 888 2132 (surim,
915 2073 946 2110 n.
973 2053 1062 2114 193)
1087 2050 1150 2110 soti
1176 2073 1283 2110 eonsc-

158 2159 287 2219 crabant
301 2158 481 2237 episcopos,
505 2178 588 2216 nunc
613 2157 650 2216 dc
672 2157 754 2216 sacto
774 2165 951 2238 sequuntur
972 2156 1126 2215 rubricam
1149 2155 1283 2236 Pontifi-

157 2263 236 2323 calie
250 2261 400 2333 Romani,
417 2263 458 2322 ita
477 2270 510 2322 ut
526 2283 587 2321 nou
603 2261 737 2341 amplius
752 2261 813 2320 soti
833 2270 1017 2320 consecrent
1034 2262 1210 2341 episcopos,
1228 2261 1281 2319 sed

156 2389 227 2429 cum
243 2367 368 2428 duobus
382 2367 451 2426 aliis
466 2367 620 2447 episcopis
635 2353 931 2448 assistentib11S‚qui
947 2367 1050 2447 etipsi
1065 2387 1175 2426 manus
1191 2387 1283 2446 super

156 2481 249 2554 caput
264 2473 355 2533 eiecti
370 2493 440 2532 cum
459 2473 549 2532 Rom.
568 2473 718 2532 Pontitice
734 2473 896 2552 imponunt
910 2473 931 2532 ³.
949 2471 1018 2530 Non
1031 2471 1162 2530 dubium
1179 2479 1281 2530 tamen

156 2579 232 2660 quin
259 2579 351 2637 ctiam
378 2598 460 2636 nuuc
484 2578 583 2657 possit
608 2578 698 2636 Rom.
729 2577 873 2636 Pontifex
899 2577 985 2636 soluo
1013 2597 1194 2635 consecrare
1219 2575 1282 2654 cpi-

156 2703 301 2764 scopum,
318 2703 387 2742 cum
410 2703 558 2740 numerus
573 2682 709 2762 plurium
731 2682 949 2762 cpiscoporum
970 2704 1031 2740 nou
1049 2681 1225 2761 requiratur
1242 2680 1278 2738 ad

157 2787 364 2859 validitatem,
384 2795 418 2846 ut
433 2787 511 2844 intra
528 2787 643 2846 dicitur
658 2808 661 2843 1
676 2809 706 2846 n.
723 2789 796 2850 2⁷2
809 2803 824 2851 2.

194 2897 227 2951 '2⁰
243 2891 348 2952 Lectio
363 2890 510 2952 arandae·
526 2890 703 2972 stpoatotici
720 2890 758 2951 de
772 2890 960 2973 perayenda
981 2890 1224 2950 enumeratione.
1242 2927 1278 2934 —

155 2997 246 3056 Ritus
266 2996 451 3076 episcopalis
471 2997 714 3056 consecrationis
731 2997 884 3076 incipiunt
902 2997 941 3054 ab
956 2995 1014 3054 bac
1034 2995 1177 3054 lectione.
1200 2993 1278 3054 Cum

154 3101 311 3160 institutio
326 3101 474 3160 canonica
491 3109 522 3159 ct
542 3101 739 3160 confirmatio
755 3102 892 3160 omnium
914 3101 1131 3180 episcoporum
1148 3123 1165 3159 a
1181 3099 1278 3181 pluri·

155 3205 212 3265 bus
227 3206 347 3265 saeculis
364 3214 529 3264 reservatae
546 3205 608 3264 sint
623 3205 765 3265 Romano
779 3207 923 3266 Pontifici
939 3207 969 3264 in
984 3205 1120 3264 Ecclesia
1136 3207 1242 3264 Latina
1255 3205 1276 3275 ⁴,

154 3311 294 3391 sequitur
313 3318 345 3369 ct
365 3311 461 3390 ipsam
483 3310 593 3369 horum
614 3311 882 3370 consecrationem
904 3311 1003 3370 cidem
1025 3311 1116 3369 ltom.
1135 3310 1277 3370 Pontifici

154 3437 219 3475 csse
242 3423 442 3476 reservatam.
465 3415 552 3474 Solet
571 3423 674 3476 autem
697 3416 789 3476 Rom.
812 3416 956 3475 Pontifex
976 3415 1170 3474 committere
1192 3437 1278 3495 pera·

153 3520 285 3599 gendum
301 3521 568 3580 consecrationem
587 3547 600 3574 a
618 3521 820 3602 cuicumque,
838 3542 930 3602 quem
947 3521 1107 3592 maluerit,
1123 3521 1277 3580 catholico

152 3626 300 3694 antistiti,
322 3625 452 3702 gratiam
474 3633 505 3684 ct
527 3625 779 3685 communionem
799 3625 888 3684 Sedis
903 3626 1082 3706 apostolica*
1098 3626 1224 3685 habenti
1244 3645 1275 3696 »ς

152 3751 221 3810 quae
243 3730 421 3789 commissio
444 3729 624 3789 continetur
648 3731 677 3788 iu
704 3752 764 3790 uua
790 3753 827 3788 cx
848 3729 940 3790 bullis
962 3752 1030 3811 quae
1051 3731 1220 3790 mittuntur
1239 3732 1274 3790 ad

183 3941 191 3974 ¹
209 3941 345 3996 Mur-tenc,
362 3956 389 4003 p.
403 3946 442 3988 67.

180 4020 193 4054 ¹
209 4019 346 4072 Murteae,
363 4019 412 4067 toc.
428 4017 484 4075 ca„
498 4023 550 4068 art.
567 4024 589 4076 7,
604 4035 629 4068 n.
650 4025 685 4072 10,
702 4035 728 4082 p.
744 4025 780 4066 17.

179 4097 247 4146 ²Ct.
264 4097 381 4153 Morem,
397 4097 555 4146 Dizionerio
571 4097 600 4145 cn·
616 4097 866 4154 erudizione-ecct„
884 4109 912 4144 νῦ
934 4098 1059 4154 t'eacouo‚
1076 4101 1088 4158 ᾖ
1107 4103 1130 4157 t,
1150 4099 1275 4158 t'cnezia,

152 4181 224 4227 1⁸59.
242 4179 261 4226 t.
279 4192 338 4234 xer,
356 4191 382 4238 p,
396 4179 452 4226 tat.

182 4255 193 4288 ⁴
212 4255 330 4316 Excepta
346 4255 484 4315 provincie
500 4255 706 4314 Salisbureensi.
