3316 5052
439 468 482 518 DE
502 466 765 528 PRAEREQUlSlTlS
784 467 828 517 ΑΙ)
848 466 1103 518 ΟΒΒΙΝΑΤΙΟΝΕΜ
1282 462 1333 516 303

209 611 433 680 determinata
462 611 498 676 in
524 612 616 677 dicto
642 611 778 677 decreto
801 611 1015 693 Tridentino,
1044 611 1193 700 episcopi
1219 618 1271 676 est
1296 634 1334 676 ea

209 728 318 815 magis
337 725 561 792 determinare
581 726 719 791 statutis
738 726 950 793 dioecesanis.

257 843 291 910 3⁰
316 843 449 920 Romae,
482 863 544 928 pro
568 840 702 906 clericis
730 840 857 907 exteris
885 840 932 905 ibi
960 840 1248 906 commorantibus
1277 839 1335 928 (de

211 957 335 1046 quibus
353 978 457 1044 supra
476 955 606 1020 dictum
625 961 694 1033 est,
716 978 751 1020 n.
769 954 855 1044 44),
873 954 1041 1020 ordinatio
1060 955 1264 1044 publicanda
1284 963 1337 1021 est

209 1079 285 1137 tum
311 1071 348 1135 in
376 1068 518 1135 basilica
543 1069 781 1151 Lateranensi,
802 1077 884 1134 'tum
914 1069 949 1133 in
980 1069 1124 1135 ecclesia
1153 1067 1338 1157 parochiali
1458 1143 1460 1158 Ι
1581 1093 1590 1112 ·

210 1171 313 1273 liujus
345 1183 528 1272 parochiae,
564 1183 599 1248 in
632 1184 759 1272 quade
792 1183 881 1250 facto
913 1185 1032 1250 Romae
1064 1190 1335 1264 commorantur;
1380 1183 1384 1188 ’

211 1300 303 1389 quod
328 1305 464 1364 constat
488 1297 677 1364 Alexandri
700 1299 764 1364 Vll
788 1297 884 1364 brevi
907 1299 1103 1384 Apostolica
1126 1299 1335 1380 sollicitudo,

213 1416 232 1480 7
252 1437 330 1502 aug.
354 1413 458 1494 1662,
484 1416 500 1497 5
520 1417 572 1479 1¹.
594 1453 639 1463 -
664 1415 706 1480 Et
725 1415 789 1479 hoc
806 1437 926 1479 verum
945 1420 1014 1494 est,
1036 1413 1109 1478 sive
1129 1411 1284 1478 habitent
1303 1414 1337 1477 in

212 1528 370 1593 domibus
390 1527 545 1615 privatio,
564 1528 636 1593 sive
655 1529 690 1592 in
711 1528 864 1613 collegiis
883 1533 942 1592 aut
957 1527 1165 1608 seminariis,
1184 1526 1338 1614 quaedam

212 1651 328 1708 tamen
358 1642 503 1728 collegia
535 1642 707 1707 indultum
736 1642 978 1731 impetrarunt,
1005 1642 1040 1706 vi
1068 1641 1165 1728 cujus
1193 1641 1339 1706 sufficiat

212 1756 398 1844 publicatio
421 1755 645 1822 ordinationis
668 1757 704 1820 in
727 1755 864 1843 propria
887 1755 1029 1821 ecclesia
1053 1755 1204 1842 collegii,
1226 1780 1260 1820 v.
1288 1779 1336 1842 g.‚

214 1870 358 1957 collegia
378 1871 634 1952 Gennanicnm,
656 1871 859 1958 Anglicum,
881 1872 980 1936 etc.².
998 1869 1170 1952 -Unde,
1191 1893 1252 1958 pro
1272 1869 1339 1935 cle-

212 1985 291 2050 ricis
320 1985 446 2050 exteris
470 1985 589 2050 Romae
619 1985 926 2068 commorantibus,
953 1985 1079 2072 requiri
1106 2007 1174 2050 non
1205 1985 1340 2051 videtur

96 2165 98 2170 ,
214 2099 400 2190 publicatio
419 2100 454 2164 in
473 2100 608 2188 propria
627 2099 782 2182 dioecesi,
803 2122 865 2186 pro
884 2122 951 2188 qua
970 2099 1180 2165 ordinantur.
1227 2125 1229 2130 ¹

259 2215 296 2278 4⁰
322 2212 361 2278 ln
392 2213 530 2301 praelato
556 2213 709 2296 decreto,
738 2213 919 2279 concilium
945 2213 1051 2294 Trid.,
1079 2220 1202 2300 praeter
1233 2215 1340 2300 ipsam

210 2330 478 2416 publicationem
496 2327 620 2394 futurae
638 2327 877 2407 ordinationis,
898 2335 1065 2393 memorat
1089 2329 1190 2392 etiam
1209 2329 1340 2416 specia-

214 2445 283 2509 lem
296 2443 553 2531 inquisitionem
567 2461 576 2509 :
596 2469 613 2504 α
631 2443 681 2508 De
699 2442 853 2530 ipsorum
872 2441 1136 2507 ordinandorum
1154 2441 1337 2522 natalibuS,

216 2563 329 2640 aetate,
347 2564 428 2640 etc,
449 2580 469 2622 a
487 2559 554 2642 fide
573 2558 687 2642 diqnir
706 2558 888 2642 dilipentcr
907 2557 1061 2642 inquirat
1081 2555 1301 2645 (parochuslg
1325 2583 1339 2615 n

216 2679 296 2738 ante
326 2672 578 2737 institutionem
609 2671 882 2750 seminariorum,
916 2670 988 2734 haec
1018 2669 1193 2758 inquisitio
1225 2671 1341 2755 magni

216 2793 289 2852 erat
312 2786 478 2852 momenti
487 2787 510 2868 ³,
536 2785 616 2874 quia
639 2785 819 2850 ordinandi
839 2785 899 2849 vix
924 2784 996 2849 noti
1019 2791 1116 2850 erant
1141 2791 1238 2850 extra
1262 2807 1341 2872 pro-

212 2901 308 2990 prias
326 2899 521 2989 parochias3
543 2922 634 2965 nunc
652 2905 782 2982 autern,
804 2899 972 2964 institutis
991 2898 1193 2980 seminariis,
1214 2899 1250 2964 in
1269 2899 1342 2987 qui-

217 3014 282 3080 bus
311 3015 491 3080 ordinandi
522 3014 651 3101 degunt
679 3037 741 3100 per
770 3018 916 3101 quatuor
945 3019 1005 3078 aut
1034 3013 1185 3101 quinque
1214 3037 1339 3094 annoS,

217 3129 345 3217 optime
367 3129 441 3194 noti
465 3135 545 3194 sunt
568 3128 698 3210 clerici,
720 3135 755 3192 et
773 3127 899 3192 sufficit
922 3127 1127 3192 examinatio
1148 3151 1223 3216 quae
1245 3129 1284 3194 fit
1307 3129 1342 3192 in

217 3244 302 3332 ipsis
321 3243 523 3326 seminariis,
542 3244 583 3309 de
602 3267 669 3332 qua
688 3243 817 3308 dictum
837 3249 901 3324 est,
918 3264 952 3308 n.
972 3242 1074 3329 1173
1092 3240 1183 3306 unde
1202 3242 1238 3306 in
1256 3241 1343 3306 mul—

218 3359 264 3424 tis
286 3359 370 3424 locis
396 3381 465 3423 non
489 3357 638 3446 amplius
661 3358 700 3422 fit
725 3356 900 3446 inquisitio
927 3355 1084 3444 specialis
1107 3356 1142 3420 in
1165 3355 1340 3443 parochia,

219 3473 280 3538 sed
310 3479 446 3539 tantum
482 3471 604 3538 futurae
639 3471 864 3538 ordinationis
900 3469 1101 3558 publicatio,
1139 3493 1205 3559 qua
1237 3470 1340 3551 lacta,

220 3594 378 3676 expectat
395 3587 643 3676 aliquantisper
656 3587 840 3676 parochus,
857 3587 888 3652 si
906 3585 998 3673 quod
1016 3585 1186 3651 reveletur
1203 3585 1344 3674 impedi-

219 3709 391 3783 mentum3
411 3701 460 3768 ita
479 3701 519 3766 fit
536 3701 572 3766 in
591 3701 715 3767 Gallia.

265 3817 302 3882 5⁰
321 3815 407 3882 Item
430 3815 465 3881 in
488 3814 630 3903 praelato
652 3815 801 3896 decret0,
819 3813 878 3901 jus
895 3814 1047 3902 episcopi
1070 3813 1232 3879 asseritur
1255 3837 1344 3879 com-

221 3929 380 3996 mittendi
403 3929 566 4018 parocho,
593 3955 610 3992 a
634 3935 693 3995 aut
716 3927 830 4012 alteri,
857 3927 912 3993 cui
935 3927 1044 4015 magis
1068 3927 1227 4016 expedire
1249 3927 1345 3992 vide-

255 4125 264 4160 ¹
281 4125 355 4176 Bon.
371 4125 457 4184 Rom„
473 4127 493 4175 t.
509 4139 550 4185 vr,
566 4137 636 4189 part.
650 4129 677 4184 5,
693 4138 720 4187 p.
737 4126 781 4172 115
798 4123 856 4187 (vel
870 4123 942 4186 apud
957 4122 1129 4181 Honorante,
1145 4137 1172 4186 p.
1186 4121 1238 4184 vr).

208 4237 210 4244 ·
254 4203 266 4240 ¹
282 4203 323 4254 Dc
338 4219 392 4268 quo
407 4203 441 4254 cl.
458 4203 630 4263 Honorante,
647 4217 671 4252 c.
684 4217 752 4262 xvir,
768 4217 795 4266 p.
811 4207 869 4261 171,
886 4205 944 4260 172,
961 4203 1012 4251 etc.

255 4282 266 4318 ²
283 4283 353 4333 Vide
368 4297 427 4334 eam
441 4283 606 4346 descriptam
622 4281 694 4346 apud
708 4281 819 4340 Halher,
834 4281 883 4332 loc.
895 4279 951 4340 cit,
968 4283 1018 4331 art.
1029 4285 1053 4340 ³,
1067 4295 1093 4330 n.
1104 4283 1171 4339 5-13,
1184 4279 1235 4330 col.
1247 4285 1292 4328 111)
1305 4293 1345 4342 sq.
