3238 5052
307 373 378 452 'lib
664 401 708 450 DE
728 399 857 452 lll'l'lBUS
876 399 1112 451 ORDlNATlONlS

366 545 450 608 234.
473 577 514 588 -
538 543 726 606 Ordinatio
752 545 908 606 lectoris.
935 579 974 588 —
1002 541 1093 602 Ritus
1119 549 1193 600 sunt
1219 547 1253 598 ut
1280 541 1423 621 sequitur
1446 560 1454 599 :

331 655 355 708 l.
375 648 580 708 l'racmittitur
597 647 722 708 collatio
738 655 875 708 tonsurae
895 647 1064 718 clericalis;
1082 681 1119 692 -
1135 651 1164 706 2.
1184 646 1355 726 Episcopus
1376 646 1458 705 reci-

328 763 388 826 tat,
409 756 474 812 sine
497 773 605 814 manus
627 754 840 834 impositione,
863 753 1027 814 formulam
1046 751 1156 812 Gratia
1173 749 1302 811 Domini
1321 749 1454 816 Nostri.

326 867 401 927 etc..
417 881 487 940 quac
507 867 553 918 est
573 859 732 918 decretum
749 859 925 929 electionis,
943 867 973 920 et
990 858 1118 938 prodest
1137 857 1229 916 etiam
1250 877 1306 937 pro
1326 857 1457 916 duobus

327 964 489 1025 ordinibus
509 965 753 1024 subdiaconatus
773 975 801 1024 et
823 965 1005 1024 diaconatus
1020 964 1073 1044 qui
1094 962 1184 1022 simul
1204 983 1275 1021 cum
1296 961 1456 1020 lectoratu

327 1070 550 1142 conseruntur,
572 1070 670 1138 unde,
689 1071 718 1128 in
741 1070 787 1129 his
807 1069 929 1130 duabus
945 1068 1211 1139 ordinationibus,
1233 1087 1296 1126 non
1317 1065 1458 1146 amplius

327 1175 442 1254 legitur
471 1175 602 1235 lormula
635 1174 744 1235 Gratia
781 1173 923 1245 Ilomini,
953 1184 1013 1234 etc.
1043 1210 1082 1218 -
1111 1177 1139 1232 3.
1173 1173 1283 1232 Postea
1317 1172 1457 1250 imponit

328 1301 452 1340 manum
474 1301 567 1361 super
586 1289 678 1360 caput
698 1279 880 1352 ordinandi,
902 1281 1074 1360 recitatque
1094 1280 1267 1339 orationem
1289 1297 1457 1337 eonsecra-

328 1386 457 1458 toriam;
473 1421 513 1429 -
528 1385 557 1444 l.
574 1385 682 1444 Tradit
702 1385 829 1453 stolam,
848 1385 1005 1444 ferendam
1026 1392 1146 1444 tantum
1163 1404 1255 1462 super
1270 1382 1453 1446 brachium,

327 1499 356 1550 et
379 1491 437 1550 boe
458 1499 578 1550 tantum
601 1491 631 1548 in
653 1489 868 1554 ordinatione:
884 1525 924 1534 —
939 1493 968 1548 ἴ).
986 1489 1093 1548 Tradit
1110 1489 1224 1548 librum
1244 1487 1410 1547 lectionum
1427 1487 1452 1544 ¹.

422 1761 437 1830 ξ
458 1759 490 1814 7.
512 1757 619 1814 Ritus
639 1757 888 1814 ordtnattonts
908 1759 1005 1828 apud
1028 1757 1141 1830 Syros
1159 1755 1359 1814 Jacobttats.

368 1977 409 2038 N.
428 1979 464 2038 ll.
481 2013 520 2023 -
544 1977 679 2047 Sufficit,
701 1977 804 2057 quoad
822 1981 917 2057 Syros
939 1977 1097 2036 lacobitas
1122 1998 1175 2036 seu
1201 1973 1451 2054 monophysitas,

328 2103 483 2162 exponere
503 2085 596 2142 ritum
617 2083 822 2142 ordinationis
842 2083 996 2164 episcopi:
1020 2103 1088 2142 nam
1110 2090 1221 2141 ceterae
1241 2099 1349 2138 omnes
1369 2077 1454 2135 ordi-

329 2189 484 2256 nationes,
511 2188 665 2258 cantoris,
694 2188 834 2264 lectoris,
858 2187 1063 2262 subdiaconi,
1087 2185 1229 2260 diaconi,
1249 2182 1450 2265 presbyteri.

328 2301 400 2353 sunt
429 2294 544 2353 eaedem
572 2317 608 2353 ac
636 2295 717 2374 apud
743 2293 947 2354 Maronitas-².
976 2293 1067 2352 Hunc
1096 2299 1199 2352 autem
1230 2291 1322 2349 ritum
1355 2289 1450 2348 edidit

328 2400 486 2467 MorinuS,
504 2401 626 2459 omissis
648 2407 750 2459 tamen
771 2399 926 2480 plerisque
948 2398 1108 2478 precibus;
1132 2398 1226 2457 ritum
1246 2402 1351 2454 autem
1371 2395 1454 2453 inte-

328 2527 416 2584 grum
433 2506 530 2566 edidit
546 2507 730 2585 Denzinger,
747 2527 783 2564 ex
805 2505 948 2564 versione
969 2504 1063 2563 latina
1081 2501 1207 2562 Codicis
1223 2499 1417 2562 Florcnlini.
1434 2523 1451 2558 a

330 2610 527 2669 llcnaudotio
545 2611 636 2678 lacta,
654 2619 683 2669 et
700 2611 859 2690 bucusque
876 2609 1096 2689 manuscripta.

368 2826 451 2887 235.
466 2859 501 2868 -
517 2827 744 2886 Consecratio
756 2823 979 2902 episcopalis.
993 2859 1032 2866 --
1047 2822 1136 2881 Ritus
1152 2829 1225 2879 sant
1238 2829 1271 2879 nt
1288 2820 1450 2900 sequitur:

332 2933 356 2989 l.
379 2931 454 2988 Tres
474 2929 611 3009 episcopi
632 2937 852 3008 supponuntur
872 2927 1050 2993 necessarii,
1073 2947 1183 3006 nempe
1205 2923 1377 3006 patriarcha
1399 2924 1450 3003 qui

328 3033 465 3092 celebrat
480 3033 724 3105 ordinationem,
742 3041 772 3092 et
788 3032 851 3092 duo
867 3032 917 3092 alii
934 3033 985 3113 qui
1007 3033 1065 3112 ipsi
1085 3033 1249 3102 assistant;
1265 3067 1305 3074 —
1319 3033 1348 3087 ⁸2.
1364 3028 1451 3086 [nus

328 3159 365 3196 ex
381 3137 427 3196 his
444 3137 565 3196 duobus
582 3139 763 3218 pronuntiat
779 3137 944 3196 formulam
959 3135 1069 3196 Gratia
1082 3135 1200 3212 (licina,
1216 3156 1269 3193 scu
1284 3135 1448 3194 Decretum

328 3242 509 3309 electionis:
523 3279 560 3302 -,-
575 3247 603 3301 a.
620 3244 691 3301 Duo
707 3243 843 3322 episcopi
858 3243 1037 3300 assistentes
1054 3242 1216 3321 imponunt
1230 3240 1342 3298 librum
1360 3257 1450 3296 evan-

329 3348 399 3427 gelii
420 3370 513 3428 snper
532 3357 626 3428 caput
645 3348 751 3414 electi,
774 3368 907 3427 eumque
930 3349 974 3406 sic
995 3347 1132 3405 retinent
1153 3345 1251 3404 donec
1273 3343 1452 3402 absolvatur

329 3454 429 3512 oratio
442 3454 670 3512 consecratoria
682 3471 689 3526 3
701 3491 739 3496 —
750 3452 778 3510 l.
793 3451 971 3511 Patriarcha
985 3451 1117 3530 imponit
1131 3471 1245 3522 manns
1254 3469 1347 3528 snper
1359 3453 1448 3526 caput

329 3559 434 3628 electi,
459 3559 592 3618 recitans
613 3557 703 3616 simul
729 3557 901 3616 orationem
927 3555 1203 3622 consecratoriam,
1226 3589 1266 3598 -
1289 3555 1319 3610 ἴ).
1343 3552 1450 3610 Postea

331 3665 423 3723 tradit
439 3664 582 3722 ordinato
599 3684 700 3722 sacras
716 3663 934 3742 episcoporum
952 3671 1053 3720 vestes
1064 3659 1086 3719 ³.

360 3887 368 3919 ¹
387 3885 543 3940 Asscmani,
561 3883 608 3930 loe.
621 3882 676 3930 rit..
692 3897 717 3944 p.
731 3886 848 3937 toa-ana
865 3882 898 3930 cl.
913 3881 970 3942 ejus
987 3882 1064 3928 notas
1078 3880 1105 3926 in
1120 3879 1319 3926 ordinationem
1335 3878 1451 3928 lectoris.

329 3983 354 4028 p.
371 3969 415 4011 795
431 3979 470 4025 sq.
484 3962 552 4008 Vide
567 3962 647 4010 ctiam
663 3961 764 4008 Morin.
782 3977 807 4023 p.
825 3965 870 4007 370
886 3973 940 4021 sq.;
957 3987 982 3993 —
1000 3959 1157 4020 llenzinger,
1175 3973 1201 4019 p.
1218 3963 1272 4004 2⁸2⁸.

360 4045 371 4076 ²
389 4041 542 4090 Asscmani.
562 4040 611 4087 loc.
627 4037 683 4089 cit..
701 4055 726 4101 p.
744 4044 809 4087 tao..
978 4026 980 4034 ¹

360 4123 370 4154 ³
388 4121 489 4177 Morin,
506 4135 531 4181 p.
554 4122 671 4175 tit-5153
689 4145 716 4152 -
733 4117 891 4178 llenainger,
908 4133 935 4178 p.
951 4121 1041 4162 nrt-os,
