3294 5054
343 465 396 518 4³0
610 467 654 516 DE
673 465 810 518 LEGIBUS
831 439 945 516 SACRiE
963 467 1199 517 ORDlNd'l'lONlS

343 613 537 694 dioecesano,
560 632 682 697 nempe
698 608 740 674 ab
760 609 919 696 episeopo
940 609 1106 690 dioecesis,
1129 609 1164 674 in
1183 631 1250 697 qua
1269 609 1325 698 pia
1344 609 1466 674 domus

342 725 521 789 ordinandi
545 723 727 812 reperitur,
755 729 892 788 tenetur
917 723 948 788 ei
972 721 1131 788 exhibere
1156 723 1287 787 litteras
1309 723 1467 787 dimisso-

343 841 443 904 riales
470 837 653 926 superioris
681 837 745 902 sui.
767 875 810 886 -
839 835 926 901 Cum
953 844 1067 902 autem
1093 843 1245 924 potestas
1268 835 1466 922 hujusmodi

341 953 472 1019 litteras
492 951 700 1017 concedendi
718 973 786 1014 non
811 957 983 1038 competat
1003 951 1168 1038 superiori
1182 951 1259 1037 jure
1278 950 1462 1031 communi,

342 1067 402 1130 sed
427 1065 576 1146 indulto,
598 1071 732 1152 oportet
755 1071 793 1128 ut
822 1063 1003 1152 episcopus
1026 1063 1149 1129 certior
1173 1063 1231 1129 fiat
1259 1063 1301 1128 de
1331 1063 1465 1128 indulto

339 1203 507 1264 concesso,
533 1189 564 1243 et
589 1181 700 1243 adhuc
724 1179 854 1262 viqente
882 1179 979 1264 (uam
1007 1178 1203 1266 hujusmodi
1233 1178 1367 1242 indulta
1393 1179 1464 1265 ple-

341 1318 484 1383 rumque
507 1293 550 1358 ad
576 1301 710 1381 tempus
737 1292 1006 1382 conceduntur);
1028 1293 1118 1358 unde
1142 1293 1276 1380 exigere
1295 1300 1408 1379 potest
1425 1299 1465 1358 ut

340 1409 405 1474 sibi
424 1408 626 1474 ostendatur
639 1409 751 1494 ipsum
766 1406 949 1487 indultum,
972 1413 1031 1472 aut
1050 1407 1172 1471 saltem
1190 1413 1462 1494 transsumptum

340 1523 464 1588 indulti
484 1521 729 1586 authenticum.
1036 1511 1041 1520 '

384 1638 420 1701 2⁰
439 1637 479 1701 In
503 1636 556 1700 his
576 1635 795 1714 dimissoriis,
817 1635 971 1722 superior
997 1635 1230 1700 testimonium
1250 1635 1335 1700 dat:
1358 1639 1388 1699 l.
1412 1635 1462 1700 De

338 1751 503 1840 qualitate
529 1750 695 1836 professi,
727 1757 761 1814 et
791 1749 831 1814 de
862 1758 1024 1814 conventu
1058 1772 1118 1815 seu
1146 1751 1262 1832 domo,
1293 1750 1337 1814 ad
1366 1749 1463 1836 eujus

339 1865 502 1932 familiam
526 1864 675 1950 pertinet
698 1863 923 1943 ordinandus;
949 1901 993 1914 ·-
1019 1865 1052 1930 2.
1074 1863 1125 1928 De
1151 1863 1325 1950 requisitis
1348 1865 1390 1928 ad
1410 1887 1462 1927 or-

337 1980 447 2059 dines
470 2001 591 2066 nempe
610 1977 774 2063 legitimis
793 1977 981 2058 natalibus,
1003 1985 1119 2056 aetate,
1141 1977 1311 2064 probitate
1330 2001 1462 2042 morum

337 2101 372 2158 et
395 2093 554 2166 scientia:
582 2093 664 2156 item
689 2092 772 2180 (nisi
792 2091 867 2178 jam
890 2101 1047 2180 receptus
1076 2093 1120 2156 sit
1149 2091 1396 2180 aliquis-ordo)
1419 2091 1462 2156 de

337 2207 508 2295 baptismo
537 2213 571 2269 et
601 2206 643 2270 de
672 2206 943 2286 oonlirmatione3
975 2245 1019 2254 —
1047 2209 1078 2272 3.
1113 2207 1164 2271 De
1192 2207 1314 2271 ultimo
1344 2207 1461 2271 ordine

338 2329 490 2408 recept03
512 2359 556 2368 —
575 2320 607 2384 t.
631 2320 681 2383 De
706 2321 849 2384 servatis
874 2321 1082 2402 interstitiis,
1105 2321 1171 2387 nisi
1191 2321 1302 2408 quoad
1322 2321 1385 2386 hoc
1404 2345 1461 2409 pe-

337 2443 429 2501 tatur
452 2433 496 2500 ab
519 2435 678 2522 episcopo
703 2435 927 2522 dispensatio;
949 2475 993 2484 —
1017 2437 1049 2502 5.
1076 2437 1127 2502 De
1153 2435 1287 2500 formali
1306 2435 1461 2500 examine

335 2549 449 2638 quoad
468 2549 670 2628 doctrinam,
692 2549 720 2612 si
739 2572 856 2614 revera
876 2557 1051 2636 peractum
1064 2549 1178 2615 tuerit.

381 2665 417 2730 3⁰
431 2663 467 2729 Si
482 2663 640 2728 alumnus
658 2663 839 2750 religiosus
858 2663 1106 2760 ordinationem
1125 2671 1220 2752 petat
1238 2663 1280 2728 ab
1302 2667 1461 2754 episcopo

335 2777 460 2858 alieno,
494 2777 537 2841 ad
562 2799 717 2842 normam
747 2779 902 2843 consueti
929 2779 1052 2843 indulti
1078 2777 1190 2868 (quod
1214 2801 1251 2844 se
1282 2779 1385 2846 resert
1417 2782 1460 2847 ad

336 2891 511 2956 decretum
532 2890 812 2979 Clementinum),
834 2891 958 2957 litteris
977 2891 1179 2956 dimissoriis
1202 2895 1339 2959 annecti
1359 2891 1461 2961 debet

336 3006 591 3086 documentum,
623 3027 690 3092 quo
724 3005 777 3068 hic
806 3007 985 3093 episcopus
1012 3007 1134 3072 certior
1161 3007 1236 3088 fiat,
1263 3009 1460 3098 episcopum

334 3119 567 3184 dioeoesanum
600 3119 734 3199 abesse,
765 3127 825 3184 aut
859 3120 1107 3185 ordinationem
1147 3143 1216 3184 non
1243 3121 1456 3206 habiturum;

336 3233 468 3298 deiectu
500 3233 641 3298 alterius
674 3233 868 3300 documenti
901 3234 1108 3301 sufficienter
1139 3235 1332 3324 probantis,
1364 3239 1460 3304 exhi-

334 3347 444 3412 benda
469 3347 532 3412 erit
551 3349 725 3413 attestatio
751 3349 868 3414 vicarii
893 3349 1062 3436 generalis
1089 3351 1144 3415 vel
1170 3351 1363 3417 cancellarii
1386 3354 1459 3441 epi-

335 3461 429 3548 scopi
450 3459 632 3525 dioecesani
653 3462 778 3550 (supra,
801 3485 836 3528 n.
860 3463 954 3548 179,
975 3463 1036 3550 4⁰).

379 3575 414 3638 40
434 3574 470 3639 Si
490 3573 650 3641 alumnus
669 3576 921 3663 promovendus
945 3577 990 3642 sit
1012 3577 1054 3642 ud
1079 3577 1377 3664 subdiaconatum,
1399 3605 1456 3648 ne-

334 3688 501 3753 cessarius
534 3689 598 3754 erit
631 3691 751 3754 titulus
782 3690 837 3754 vel
869 3691 1037 3774 beneficii,
1076 3693 1131 3756 vel
1162 3696 1364 3777 patrimonii
1399 3703 1455 3760 aut

329 3803 513 3888 pensionis,
534 3803 589 3866 vel
604 3803 725 3866 saltem
742 3826 860 3868 niensis
875 3805 1083 3888 communis,·
1101 3805 1136 3868 in
1152 3805 1214 3870 hoc
1227 3793 1348 3872 ultimo
1360 3831 1451 3886 casu,

334 3923 468 4005 oportet
486 3923 525 3980 ut
544 3917 723 4004 episcopus
742 3918 902 3982 ordinans
925 3918 1048 3982 certior
1073 3919 1133 3984 siat
1156 3920 1198 3984 de
1223 3921 1357 3986 indulto
1379 3946 1455 3988 eon-

334 4053 422 4096 cesso
441 4037 476 4094 et
494 4029 607 4094 adhuc
626 4031 767 4114 viyente.

379 4147 413 4210 5⁰
441 4144 477 4210 Si
503 4143 661 4208 alumnus
689 4147 940 4232 promovendus
968 4147 1012 4211 sit
1043 4147 1085 4210 nd
1116 4147 1269 4213 ordinem
1299 4174 1450 4232 sacrum,

333 4259 469 4322 annecti
493 4256 619 4322 debent
638 4261 873 4325 attestationes
897 4261 939 4326 de
959 4269 1095 4349 peraeto
1122 4263 1303 4350 theologie
1325 4267 1451 4332 studio.
