3290 5060
333 485 384 540 156
598 486 643 536 DE
661 484 800 536 LEGIBUS
819 484 933 535 SACRAE
952 483 1188 535 ORDINATIONIS

332 627 430 711 dere,
462 651 620 717 expresse
649 627 817 717 excipitur
852 627 881 692 si
913 627 1086 714 episcopus
1120 628 1155 692 in
1186 629 1322 693 remotis
1355 637 1453 714 spat,

332 767 366 809 v.
388 765 438 828 g.,
465 742 494 808 si
513 743 693 831 episcopus
713 741 954 824 Americenus,
977 741 1164 824 Hibernus,
1186 741 1325 824 Scotus,
1348 742 1394 808 sit
1419 743 1455 808 in

332 857 461 938 Gallia3
483 857 517 921 in
543 879 623 922 casu
646 855 756 938 dubii,
783 863 898 921 utrum
922 855 1102 943 episcopus
1129 856 1166 920 in
1193 855 1332 922 remotis
1356 862 1451 944 agat,

333 993 376 1036 an
394 992 481 1051 non,
497 969 694 1052 aestimatio,
712 970 811 1058 juxta
830 969 1005 1035 meliorem
1025 969 1235 1056 opinionem,
1253 969 1455 1058 relinquitur

328 1083 457 1172 judicio
476 1083 584 1172 ipsius
602 1083 731 1149 vicarii.

378 1196 412 1264 8ο
438 1198 488 1264 De
516 1197 672 1264 Praelstis
697 1197 864 1284 Episcopo
892 1197 1127 1284 inferioribus.
1152 1235 1196 1246 -
1219 1197 1296 1264 Non
1322 1198 1454 1286 egimus

331 1311 397 1376 nisi
411 1309 453 1376 de
469 1333 586 1376 eorum
602 1310 747 1376 subditis
760 1311 991 1396 secularibus,
1008 1333 1088 1376 nam
1101 1333 1162 1400 pro
1178 1309 1323 1376 subditis
1338 1333 1454 1375 eorum

334 1425 568 1512 regularibus,
590 1424 714 1492 dicitur
737 1425 772 1490 in
797 1448 871 1514 cap.
893 1446 939 1492 rx.
960 1425 1130 1490 -Porro
1151 1425 1241 1512 quod
1266 1425 1389 1491 attinet
1412 1423 1454 1488 ad

332 1537 486 1605 subditos
506 1562 622 1604 eorum
640 1539 831 1624 seculares,
853 1539 925 1604 haec
945 1539 1087 1606 dicenda
1109 1559 1117 1606 τ

375 1653 420 1719 Α.
442 1653 624 1742 Nequeunt
649 1653 684 1718 hi
709 1653 847 1720 Praelati
870 1654 1053 1720 concedere
1078 1654 1286 1720 dimissorias
1309 1653 1454 1718 subditis

330 1769 401 1832 suis
427 1767 647 1833 secularibus
674 1769 719 1833 sd
745 1769 916 1855 quoslibet
943 1769 1088 1834 ordines.
1116 1808 1159 1821 -
1185 1768 1329 1835 Constat
1357 1788 1450 1832 conc.

331 1881 438 1964 Trid,
465 1905 550 1970 cap..
565 1881 778 1966 Abbatibus,
802 1883 859 1965 Ill,
882 1906 966 1948 sess.
989 1882 1115 1964 XXIII,
1143 1883 1194 1947 De
1218 1903 1290 1949 ner.
1315 1901 1322 1948 :
1347 1909 1363 1942 s
1384 1881 1454 1946 Neo

331 1995 397 2083 ipsi
423 1994 593 2076 Abbates,
621 2003 656 2061 et
684 1995 742 2062 alii
772 1997 936 2084 exempti,
968 2003 1027 2062 aut
1055 1996 1198 2084 collegia
1224 1995 1280 2061 vel
1307 1994 1453 2083 capitula

331 2131 571 2197 quaecumque,
610 2110 714 2176 etiam
755 2111 974 2176 ecclesiarum
1016 2110 1279 2192 cathedralium,
1325 2111 1454 2174 litteras

331 2223 540 2288 dimissorias
558 2223 734 2310 aliquibus
752 2225 882 2290 clericis
895 2225 1131 2310 secularibus,
1151 2235 1188 2290 ut
1206 2225 1251 2290 eb
1269 2225 1345 2290 eliis
1364 2223 1454 2288 ordi-

333 2344 468 2421 nentur,
490 2338 694 2422 conccdsnt,·
714 2338 773 2404 sed
792 2339 913 2404 horum
932 2340 1086 2404 omnium
1105 2339 1289 2420 ordinatio,
1311 2336 1453 2402 servatis

331 2450 506 2534 omnibus,
530 2474 605 2540 quae
628 2453 664 2517 in
687 2452 788 2540 hujus
808 2461 934 2518 sanctae
960 2453 1083 2542 synodi
1107 2453 1251 2518 decretis
1277 2451 1454 2516 continen-

331 2573 398 2647 tur,
426 2565 470 2630 ad
495 2567 688 2655 episcopos,
714 2567 803 2633 intra
827 2591 971 2657 quorum
995 2567 1151 2632 dioecesis
1175 2566 1259 2632 fines
1286 2565 1450 2640 existant,

331 2679 517 2768 pertineat:
539 2703 608 2746 non
629 2680 844 2746 obstantibus
863 2681 1133 2770 quibuscumque
1153 2679 1353 2769 privilegiis,
1370 2701 1453 2767 prae-

331 2794 589 2881 scriptionibus,
615 2802 674 2860 aut
699 2794 1019 2878 consuetudinibus,
1046 2795 1147 2861 etiam
1175 2791 1451 2860 immemorabili·
1482 2835 1484 2837 -

330 2906 436 2974 bus..
482 2907 715 2974 Concedentes
753 2917 866 2974 eutem
903 2909 1112 2975 dimissorias
1155 2915 1272 2974 contra
1310 2907 1453 2972 lormam

332 3021 474 3104 decreti,
503 3021 546 3088 ab
572 3023 681 3089 officio
708 3031 742 3088 et
767 3023 928 3088 beneficio
955 3047 1015 3112 per
1041 3046 1167 3088 annum
1191 3023 1261 3088 sint
1284 3021 1357 3109 ipso
1377 3021 1453 3108 jure

331 3137 499 3224 suspensi.
529 3164 545 3198 n

376 3251 415 3317 B.
438 3251 575 3338 Agitur,
597 3250 632 3316 in
652 3257 749 3316 textu
768 3249 981 3334 Tridentino,
1003 3251 1044 3315 de
1069 3249 1338 3339 quibuscumque
1363 3249 1453 3314 Prae-

332 3364 411 3431 latis
432 3364 608 3452 (episcopo
632 3363 882 3454 inferioribus),
904 3365 976 3431 sive
995 3364 1224 3454 regularibuS,
1246 3365 1318 3428 sive
1347 3386 1452 3428 saeou-

331 3478 476 3560 laribus,
507 3479 579 3544 sive
606 3480 740 3566 primes,
769 3479 841 3543 sive
868 3479 1024 3544 secundae
1050 3487 1085 3545 et
1110 3479 1214 3544 etiam
1239 3477 1364 3560 tertiae,
1394 3499 1453 3541 seu

333 3615 514 3680 supremae,
537 3593 679 3681 speciei3
701 3593 769 3658 imo
789 3593 902 3680 agitur
921 3595 1024 3659 etiam
1043 3593 1084 3658 de
1105 3592 1257 3680 collegiis
1281 3597 1340 3656 aut
1364 3591 1453 3678 capi-

331 3705 413 3770 tulis
433 3729 507 3794 quae
526 3709 623 3795 quasi
643 3707 826 3795 episcopali
841 3706 1077 3794 jurisdictione
1098 3707 1253 3772 fruantur
1271 3705 1306 3770 iu
1326 3703 1454 3769 clerum

331 3827 367 3884 et
389 3821 568 3909 populum,
589 3829 628 3887 ut
651 3822 760 3888 multa
784 3821 866 3887 olim
891 3829 1005 3904 erant;
1027 3821 1069 3888 iis
1089 3844 1169 3909 ergo
1194 3819 1352 3885 omnibus
1374 3841 1454 3907 pro-

332 3932 477 4017 hibetur,
504 3956 547 4000 ne
571 3935 779 4002 dimissorias
806 3936 994 4002 concedant
1017 3934 1162 4002 subditis
1187 3935 1258 4000 suis
1284 3933 1454 3999 saeculari-

332 4047 412 4130 bus,
428 4057 467 4115 ut
485 4057 580 4138 patet
595 4073 636 4114 ex
655 4050 762 4116 relato
782 4057 879 4116 textu
894 4051 1102 4118 Tridentino.
1116 4087 1160 4100 —
1176 4047 1367 4114 Difficultas
1385 4067 1454 4110 non

334 4169 388 4227 est
406 4163 472 4228 nisi
491 4187 552 4251 pro
571 4163 726 4229 Praelstis
739 4187 906 4250 supreme
920 4165 1050 4252 speciei,
1069 4187 1128 4230 seu
1147 4163 1300 4248 Nullius,
1319 4160 1362 4226 ob
1383 4161 1453 4225 haeo

333 4274 436 4342 verba
464 4276 678 4360 Tridentino,
708 4279 799 4344 intra
826 4301 976 4367 quorum
1004 4277 1150 4345 dioecesis
1177 4281 1261 4362 fines
1289 4277 1451 4358 existant,
