3290 5060
285 461 320 515 94
551 462 596 511 DE
614 461 754 512 LEGIBUS
774 461 887 512 SAGRAE
906 462 1143 513 onninnrionls

283 631 366 699 pum
380 607 521 696 originis
544 607 751 691 spiritualis,
773 605 898 671 habere
921 606 1025 671 etiam
1048 607 1245 696 episcopum
1269 611 1411 695 oripinis

283 722 468 805 naturalis,
498 719 541 784 ad
568 742 723 784 normam
749 718 852 784 bullae
878 719 1128 806 Speculatores,
1157 723 1239 788 item
1265 730 1299 788 et
1325 725 1410 790 alios

282 837 460 924 episcopos
479 833 611 900 ratione
630 834 807 918 domicilii,
825 835 988 919 beneficii,
1007 842 1086 918 etc,
1104 835 1146 901 de
1165 835 1289 924 quibus
1308 837 1408 906 inira.

281 990 326 1000 -
345 949 445 1015 Ratio
465 955 517 1013 est
537 948 616 1036 quis
635 953 716 1012 sunt
735 947 912 1035 baptizati,
935 957 969 1014 et
986 949 1129 1036 proinde
1153 949 1312 1016 fruuntur
1325 951 1410 1038 juri-

280 1064 345 1129 bus
364 1062 521 1128 omnibus
536 1061 802 1150 baptizatorum
825 1063 993 1150 alioquin,
1011 1087 1079 1128 non
1097 1064 1332 1152 privilegium,
1349 1066 1409 1131 sed

279 1201 416 1266 poenam
435 1182 725 1264 consequerentur
743 1199 785 1240 ex
804 1175 898 1241 bulla
919 1177 1109 1262 Cupientes.

326 1293 362 1358 3⁰
385 1291 485 1356 Bulla
505 1291 684 1376 Cupientes
711 1289 865 1378 respicit,
891 1313 961 1355 non
990 1297 1124 1356 tantum
1155 1313 1338 1358 conversos
1365 1316 1409 1358 ex

279 1405 406 1471 ludaeis
425 1412 484 1470 aut
502 1403 662 1492 paganis,
685 1403 745 1468 sed
769 1403 872 1468 etiam
897 1403 1107 1492 probabilius
1131 1405 1209 1470 illos
1232 1406 1408 1471 haereticos

279 1520 354 1607 qui,
377 1519 420 1583 ad
439 1518 541 1583 fidem
566 1517 768 1582 catholicam
793 1517 966 1600 conversi,
989 1521 1130 1602 iterum,
1159 1521 1288 1584 ratione
1311 1521 1408 1584 dubii

279 1635 508 1720 baptismatis,
529 1634 595 1697 sub
613 1631 807 1696 condicione
830 1633 1062 1718 baptizentur.
1080 1669 1124 1721 -ss
1146 1632 1296 1698 Dubium
1316 1634 1408 1698 enim

279 1741 380 1826 illud,
403 1747 495 1835 quod
514 1746 640 1811 sufficit
657 1753 697 1810 ut
719 1745 862 1810 iteretur
879 1745 1065 1834 baptisma,
1088 1747 1214 1812 sufficit
1232 1748 1350 1828 eiiam,
1372 1755 1408 1813 et

278 1885 297 1926 a
316 1861 458 1941 fortiori,
480 1869 520 1926 ut
537 1861 573 1923 hi
590 1859 740 1923 hmretici
759 1860 996 1948 intelligantur
1015 1860 1250 1949 comprehensi
1269 1862 1304 1926 in
1322 1885 1406 1949 proe-

278 1977 348 2040 iata
370 1975 480 2056 bulla,
502 1997 578 2062 quae
601 1973 741 2062 respicit
766 1999 782 2034 n
798 1973 935 2039 ludaeos
960 1980 994 2038 et
1019 1974 1105 2040 alios
1131 1975 1281 2060 infideles
1306 1998 1406 2061 quos-

280 2092 360 2156 libet
384 2090 428 2154 ad
450 2090 554 2173 fidem
578 2089 780 2153 catholicam
803 2110 977 2152 conversos
999 2109 1033 2170 »;
1055 2095 1091 2154 et
1113 2089 1261 2176 recipere
1286 2089 1401 2162 debet,

277 2211 316 2269 ut
335 2203 421 2284 dixi,
443 2203 647 2268 latissimam
668 2201 1016 2290 interpretationem¹.

391 2413 410 2487 ς
428 2413 463 2471 2.
484 2414 537 2472 De
557 2413 731 2486 episcopo
752 2413 905 2485 proprio
925 2412 1071 2470 ratione
1092 2413 1286 2490 domicilii.

322 2570 389 2636 32.
405 2607 448 2617 -
464 2568 735 2654 competentia
749 2568 926 2654 episcopi
940 2567 1133 2635 domicilii
1147 2567 1278 2654 quoad
1295 2567 1404 2635 ordi·

275 2684 490 2750 nationem.
515 2720 558 2730 -
581 2681 769 2769 Episcopus
790 2681 969 2764 domicilii,
994 2681 1029 2743 in
1053 2691 1192 2766 genere,
1218 2680 1277 2744 ille
1297 2681 1401 2745 estin

275 2797 373 2884 cujus
392 2795 530 2860 dioecesi
554 2794 764 2859 ordinandus
786 2792 891 2860 habet
914 2793 1135 2858 domicilium.
1158 2793 1246 2862 Cum
1265 2795 1401 2858 domici-

275 2911 360 2974 lium
380 2910 414 2973 in
438 2909 551 2997 aliqua
575 2909 712 2974 dioecesi
737 2908 781 2971 sit
803 2907 889 2972 ratio
914 2907 1108 2972 firmissima
1131 2915 1166 2973 et
1184 2908 1402 2972 universalis-

274 3024 360 3090 sima
384 3021 548 3088 sortiendi
571 3022 682 3087 sorum
702 3028 736 3086 et
755 3021 1026 3108 juridictionem,
1048 3045 1082 3085 v.
1105 3045 1154 3108 g.‚
1176 3021 1289 3108 quoad
1308 3045 1400 3086 corn-

273 3138 458 3227 petentiam
487 3136 719 3224 judiciariam,
750 3135 1021 3216 matrimonium,
1057 3134 1281 3222 baptismum,
1317 3143 1397 3216 etc,

271 3275 341 3316 non
365 3259 417 3315 est
441 3251 581 3329 mirum,
609 3250 638 3314 si
661 3251 840 3337 episcopus
863 3249 973 3338 possit
997 3249 1148 3313 conferre
1172 3247 1307 3312 ordines
1330 3248 1399 3312 illis

272 3363 558 3429 Christifidelibus
573 3365 631 3452 qui
645 3363 763 3428 fovent.
782 3363 818 3426 in
833 3362 907 3449 ejus
922 3361 1059 3427 dioecesi
1076 3362 1301 3443 domicilium,
1319 3361 1399 3426 licet

271 3477 351 3544 alibi
379 3479 450 3542 nati
484 3479 565 3543 sint.
598 3477 758 3542 Ceterum
791 3475 855 3540 hoc
895 3482 1030 3540 constat
1062 3476 1288 3564 peremptorie
1324 3483 1397 3540 tum

270 3615 372 3680 supra
390 3591 444 3681 (n.
469 3591 542 3679 28)
562 3591 669 3655 relato
694 3613 767 3678 cap.
796 3589 883 3654 Cum
907 3589 1040 3674 nullus,
1062 3589 1099 3668 3,
1126 3589 1177 3653 Dc
1200 3609 1396 3655 muroninus

269 3726 526 3786 onninsnonun,
544 3704 578 3768 in
593 3704 652 3786 Vl,
670 3711 744 3768 tum
759 3703 876 3768 statim
890 3703 1026 3768 citanda
1040 3702 1134 3767 bulla
1148 3701 1392 3787 Speculatores,

269 3817 458 3882 innocentii
477 3815 574 3882 x112.

299 3962 309 3996 ¹
328 3961 369 4011 lte
384 3963 465 4010 etiem
481 3961 623 4024 Goeparfl,
641 3977 666 4010 ιι.
683 3966 738 4010 807.

297 4042 310 4076 ἱ
325 4041 364 4090 Cf.
379 4041 491 4100 Hallier‚
507 4041 546 4089 De
560 4038 647 4088 sacris
659 4039 839 4089 electionibus
854 4041 879 4088 el
895 4038 1126 4098 ordinationibus,
1143 4042 1213 4102 part.
1227 4039 1265 4098 11,
1282 4041 1349 4088 sect.
1366 4053 1391 4096 r,

266 4135 290 4168 c.
306 4135 347 4178 ιιι,
364 4123 414 4169 ert.
433 4123 460 4179 i,
481 4123 506 4179 ἓξ
527 4124 589 4178 1-3;
608 4119 650 4166 ed.
671 4118 776 4181 Migne,
797 4134 824 4181 p.
845 4123 891 4166 992
911 4133 951 4180 sq.
975 4117 1065 4166 Prima
1084 4118 1173 4166 forsan
1194 4117 1308 4179 vestigia
1322 4117 1392 4179 juris

266 4199 388 4262 episcopi
403 4197 533 4248 domicilii
552 4197 729 4246 inveniuntur
743 4197 770 4244 in
785 4197 901 4247 concilio
918 4197 1084 4246 Areusiceno
1100 4195 1110 4242 1
1128 4197 1184 4258 (an.
1202 4197 1276 4258 ⁴41),
1288 4209 1346 4245 cen.
1362 4199 1389 4253 8;

266 4277 367 4338 Bruns,
382 4275 518 4335 Concilio,
535 4279 554 4324 t.
569 4291 600 4334 n,
616 4290 643 4338 p.
658 4279 711 4323 12³.
