3316 5052
327 463 380 518 ³04
594 463 638 514 DE
657 463 794 514 LEGIBUS
814 463 928 514 SAGRAE
946 464 1183 516 ORDlNllTIONlS

325 609 429 692 bitur,
449 635 465 670 a
491 629 615 674 munus
638 603 878 696 publicationis
904 613 939 672 et
962 607 1204 698 inquisitionis.
1230 645 1274 658 —
1297 610 1446 694 Revera,

325 723 478 814 quando,
498 729 538 787 ut
556 745 637 786 mox
655 721 785 786 dictum
803 729 872 804 est,
894 719 1059 807 agebatur
1081 721 1123 786 de
1146 721 1287 810 speciali
1308 724 1449 814 inquisi-

325 839 417 906 tione
435 837 470 902 in
489 835 648 924 parochia
667 834 837 917 facienda,
860 835 1055 922 contingere
1074 842 1207 926 poterat
1224 843 1264 902 ut
1281 839 1448 926 parochus

325 958 416 1019 esset
444 957 623 1040 suspectus
652 956 711 1015 aut
737 949 897 1037 incapax,
928 957 963 1016 et
990 957 1072 1016 tunc
1095 950 1172 1038 jure
1201 974 1262 1017 suo
1290 952 1449 1020 utebatur

324 1066 520 1156 episcopua,
546 1071 581 1130 et
603 1063 861 1152 inquisitionem
886 1064 1120 1130 committebat
1142 1065 1268 1130 vicario
1291 1065 1445 1151 foraneo,

323 1181 380 1247 vel
397 1179 645 1260 archidiacono,
667 1180 765 1244 etc.¹.
788 1178 886 1244 Nunc
905 1186 1035 1261 autem,
1058 1203 1135 1244 cum
1154 1187 1274 1268 agatur
1293 1182 1335 1248 de
1354 1207 1447 1250 mera

322 1295 569 1386 publicatione,
593 1315 662 1360 non
686 1293 833 1382 amplius
856 1292 952 1359 locus
978 1301 1031 1359 est
1054 1293 1281 1382 designationi
1307 1297 1446 1366 alterius

322 1417 445 1500 praeter
470 1407 672 1498 parochum;
701 1406 755 1472 bic
782 1429 879 1496 ergo,
908 1415 981 1490 aut,
1004 1407 1078 1495 ejus
1103 1410 1256 1494 nomine,
1282 1411 1443 1497 vicariuS,

323 1525 470 1590 futuram
490 1521 737 1588 ordinationem
756 1521 920 1608 publicat.

367 1639 403 1706 6⁰
422 1637 542 1718 Quoad
556 1635 825 1722 publicationem
842 1641 973 1722 suturae
992 1638 1231 1723 ordinationis,
1253 1639 1353 1706 debet
1371 1641 1445 1707 fieri

321 1755 357 1820 in
383 1752 525 1818 ecclesia
549 1749 732 1840 parochiali
756 1748 875 1816 diebus
899 1751 1076 1818 dominicis
1101 1759 1160 1818 aut
1181 1754 1327 1838 festivis,
1355 1755 1445 1822 intra

321 1868 436 1954 officia
451 1866 590 1952 publica
599 1883 614 1948 ,·
628 1863 691 1930 hoc
711 1863 803 1929 enim
821 1863 1029 1932 sufficienter
1047 1865 1240 1932 continetur
1258 1867 1294 1932 iu
1309 1869 1445 1935 decreto

320 1981 543 2048 Tridentino:
569 2005 586 2040 «
609 1977 812 2044 Nominibus
835 2001 874 2044 ac
899 1979 1064 2045 desiderio
1088 2003 1221 2063 eorum,
1247 1981 1306 2069 qui
1327 1981 1446 2048 volent

320 2094 528 2186 promoveri,
545 2094 684 2179 publice
707 2093 741 2156 in
762 2091 905 2159 ecclesia
924 2095 1131 2180 propositia,·
1151 2121 1167 2156 »
1189 2094 1313 2183 quibus
1331 2095 1446 2164 verbis

320 2234 388 2276 non
415 2208 613 2290 satisfieret,
640 2208 669 2272 si
695 2205 814 2272 diebus
840 2207 1030 2290 ferialibus,
1056 2189 1239 2297 quibus'in
1264 2211 1445 2277 ecclesiam

319 2348 389 2390 non
404 2322 564 2390 convenit
577 2321 737 2410 populus,
754 2321 942 2410 propositio
956 2323 1062 2390 fieret.
1079 2361 1123 2373 ——
1138 2322 1240 2406 Item,
1257 2325 1330 2390 fieri
1344 2325 1445 2392 debet

318 2437 502 2528 publicatio
518 2443 596 2502 ante
614 2437 768 2522 circulos
783 2437 919 2502 ordines
938 2439 1096 2524 majores,
1113 2445 1151 2504 ut
1170 2461 1330 2527 expresse
1345 2438 1444 2527 jubet

319 2553 512 2619 concilium.
539 2590 583 2601 -
607 2550 738 2616 Sufficit
762 2557 877 2616 tamen
900 2559 939 2617 ut
960 2552 1063 2616 semel
1085 2552 1145 2618 fiat
1168 2561 1245 2618 ante
1269 2553 1440 2642 singulos,

318 2669 399 2733 licet
417 2665 556 2748 alicubi,
574 2665 616 2730 de
631 2664 708 2751 jure
723 2665 947 2750 particulari,
964 2671 1042 2730 ante
1057 2664 1144 2730 hanc
1163 2666 1219 2731 vel
1237 2666 1333 2731 illam
1352 2667 1443 2732 ordi-

318 2783 491 2847 nationem
510 2779 691 2866 majorem,
709 2778 784 2842 duae
803 2778 860 2844 vel
878 2778 981 2844 ctiam
995 2785 1065 2844 tres
1084 2779 1166 2845 fiant
1181 2779 1439 2867 publicationes.

363 2898 398 2962 7⁰
412 2896 515 2962 Juxta
530 2893 682 2974 modum,
700 2916 767 2981 quo
784 2893 856 2959 fieri
876 2892 987 2958 solent
1001 2893 1054 2958 hae
1068 2891 1328 2980 publicationes,
1344 2917 1441 2982 paro-

317 3011 402 3076 chus
420 3032 489 3074 non
508 3015 643 3074 tantum
658 3007 815 3073 hortatur
830 3007 947 3073 fideles
962 3014 1000 3073 ut
1014 3007 1167 3073 revelent
1180 3007 1438 3096 impedimenta,

317 3125 515 3206 sedetiam,
537 3123 573 3188 in
592 3123 730 3187 nomine
750 3121 916 3211 episcopi,
938 3145 1097 3210 expresse
1122 3121 1171 3188 eis
1190 3125 1361 3210 praecipit,
1382 3131 1437 3206 ut,

317 3239 345 3304 si
375 3261 442 3326 qua
472 3237 631 3302 noverint
660 3237 903 3326 impedimenta
932 3237 1115 3325 propositas
1148 3237 1367 3320 ordinationi,
1400 3261 1440 3305 ea

315 3351 479 3418 revelent.
501 3351 615 3432 Unde,
642 3351 778 3416 etiamsi
800 3350 932 3434 stricte,
952 3353 1037 3438 jure
1063 3352 1230 3436 naturali,
1252 3375 1321 3416 non
1343 3358 1441 3418 tene-

314 3473 432 3532 rentur
464 3465 532 3530 tala
564 3473 624 3530 aut
656 3465 725 3531 tale
757 3465 1038 3552 impedimentum
1074 3464 1243 3548 revelare,
1279 3472 1439 3532 tenentur

314 3587 443 3660 tamen,
464 3581 496 3644 vi
510 3581 672 3665 precepti
690 3579 896 3666 episcopalis.
915 3577 1088 3666 Obligatio
1106 3585 1221 3645 autem
1241 3587 1293 3645 est
1311 3579 1436 3668 gravis,

315 3695 344 3760 si
363 3700 483 3782 agatur
501 3693 543 3757 de
562 3692 819 3780 impedimento,
836 3693 926 3759 unde
945 3693 1043 3781 sequi
1061 3693 1170 3782 possit
1188 3716 1292 3782 grave
1310 3693 1438 3759 malum

314 3815 373 3876 aut
400 3808 564 3873 damnum
592 3830 653 3895 pro
682 3807 941 3888 communitate,
969 3807 1025 3873 vel
1052 3829 1114 3895 pro
1142 3807 1322 3896 religione,
1353 3808 1435 3889 fide,

314 3923 441 3989 honore
456 3921 553 4002 cleri,
564 3913 604 3986 v.
622 3943 671 4007 g.‚
689 3921 718 3986 si
736 3919 879 3987 clericus
896 3943 932 3986 re
951 3920 1025 4008 ipsa
1043 3944 1111 3987 non
1130 3920 1231 3987 fucrit
1248 3922 1312 3987 rite
1329 3921 1439 4009 bapti·

314 4044 423 4120 zatuS,
455 4035 484 4100 si
509 4034 555 4100 sit
579 4035 678 4099 malis
705 4034 871 4116 moribus,
899 4033 1069 4118 ebriosus,
1092 4033 1157 4119 fur,
1180 4035 1266 4101 male
1286 4035 1437 4101 sentiens

346 4281 353 4316 ¹
372 4279 412 4329 Ct.
429 4278 540 4337 Hallicr,
557 4275 633 4337 ibid,
651 4293 677 4327 n.
693 4283 789 4338 22-23,
805 4277 857 4328 col.
874 4283 998 4328 221-222.
