3270 5050
359 528 393 581 ³6
626 529 670 578 DE
689 528 827 580 LEGIBUS
846 527 962 580 SAGRAE
981 527 1218 580 ORDINATIONIS
1237 567 1238 571 ,

359 673 398 738 L.
422 673 437 736 l
462 671 492 760 (a
515 672 652 737 clericos
671 671 782 759 excipi
805 677 956 752 tantum,
978 671 1037 760 qui
1060 672 1197 757 copiatae
1217 671 1376 738 dicuntur
1397 673 1429 756 r)
1449 681 1477 738 et

359 785 416 851 lib.
436 785 530 867 XVI,
548 787 602 851 tit.
619 807 658 866 11,
675 786 724 852 Dc
743 787 920 871 episcopis,
937 784 976 851 L.
1001 787 1041 851 lb
1062 785 1095 870 (a
1111 787 1240 869 clerici,
1257 786 1313 851 vel
1329 787 1379 869 hi,
1397 811 1477 876 quos

356 901 504 986 copiates
522 923 639 964 recens
658 922 742 965 usus
760 899 910 964 instituit
928 899 1115 988 nuncupari
1138 900 1181 989 rr).
1204 899 1266 965 Hae
1290 901 1364 965 duae
1388 901 1477 990 leges

357 1021 437 1078 sunt
452 1013 661 1094 Constantii,
675 1013 737 1077 filii
752 1012 969 1079 Constantini
982 1011 1115 1100 Magni3
1130 1013 1221 1078 unde
1238 1013 1379 1102 copiatae
1394 1015 1476 1080 circa

357 1136 491 1216 tempus
510 1126 649 1192 redditas
670 1127 829 1192 Ecclesiae
848 1127 941 1214 pacis
960 1125 1108 1192 instituti
1129 1134 1220 1192 sunt.

400 1243 432 1308 7.
456 1241 561 1306 Paulo
581 1248 660 1328 post
679 1241 786 1306 additi
805 1241 907 1305 etiam
931 1247 1012 1305 sunt
1031 1241 1236 1327 parabolani
1255 1264 1316 1306 seu
1335 1243 1477 1328 paraba-

356 1355 441 1440 lanr',
459 1355 517 1444 qui
532 1361 628 1420 erant
642 1354 740 1444 quasi
754 1354 875 1420 fratres
891 1353 1117 1441 hospitalarii,
1133 1377 1255 1442 nempe
1270 1356 1315 1420 ad
1328 1357 1475 1421 curanda

353 1471 518 1535 debilium
538 1493 627 1556 apra
646 1491 788 1554 corpora
807 1469 972 1555 deputati.
991 1469 1035 1534 Hi
1054 1476 1287 1534 memorantur
1304 1470 1340 1534 in
1355 1469 1477 1536 Codice

353 1583 603 1666 Theodosiano,
626 1582 685 1653 lib.
712 1582 807 1662 XVI,
828 1583 882 1649 tit.
908 1604 946 1664 11,
973 1583 1022 1647 De
1045 1584 1222 1669 episcopis,
1245 1583 1312 1650 LL.
1335 1585 1394 1666 42,
1417 1584 1472 1666 43;

352 1721 427 1786 quae
446 1699 540 1785 leges
559 1704 640 1763 sunt
659 1696 839 1762 Theodosii
858 1696 1012 1762 senioris.
1031 1697 1211 1779 Attamen,
1228 1697 1329 1786 juxta
1347 1699 1473 1786 plures,

351 1813 414 1877 hoc
434 1820 506 1878 erat
524 1813 695 1898 officium,
717 1833 785 1876 non
806 1811 900 1876 ordo.

395 1924 427 1992 8.
450 1925 620 1991 Paulatim
636 1925 704 1990 lere
719 1947 837 1990 omnes
853 1924 989 1990 ordines
1003 1924 1152 1990 minores
1166 1924 1202 1989 iu
1217 1924 1475 1991 desuetudinem

350 2047 533 2121 venerunt,
551 2046 673 2126 praeter
693 2039 832 2104 lectores
845 2045 880 2103 et
893 2046 1062 2123 cantores,
1080 2061 1166 2127 quos
1186 2039 1278 2105 solos
1297 2049 1472 2120 memorat,

349 2175 426 2218 cum
450 2153 682 2235 subdiaconis,
705 2152 887 2218 concilium
908 2154 942 2217 in
967 2153 1086 2217 Trullo
1106 2151 1198 2238 (ann.
1216 2153 1307 2244 692),
1323 2177 1398 2222 can.
1420 2157 1472 2222 6¹.

393 2267 425 2332 9.
448 2268 574 2348 Hodie,
596 2267 631 2332 in
656 2267 809 2332 Ecclesia
829 2265 1010 2348 Orientali,
1031 2273 1154 2354 praeter
1174 2266 1471 2352 subdiaconatum,

349 2405 416 2446 non
436 2388 517 2447 sunt
535 2381 601 2446 nisi
620 2381 687 2446 duo
707 2381 842 2446 ordines
858 2381 1022 2492 minopeS,
1040 2381 1141 2470 juxta
1160 2382 1373 2470 disciplinam
1393 2407 1474 2449 con-

347 2495 416 2560 cilii
445 2495 481 2560 in
511 2495 643 2578 Trullo,
673 2517 796 2582 nempe
829 2502 1025 2560 cantoratus
1053 2502 1088 2560 et
1117 2495 1309 2563 lectoratus.
1336 2497 1474 2563 Alicubi

346 2616 460 2674 autem
484 2609 518 2672 hi
543 2609 609 2673 duo
633 2609 770 2674 ordines
794 2609 929 2690 eodem,
950 2607 1007 2673 vel
1032 2608 1100 2673 lere
1125 2610 1244 2674 eodem
1267 2610 1334 2675 ritu
1359 2611 1474 2677 conie-

347 2729 482 2803 runtur;
504 2722 593 2787 unde
618 2723 757 2810 quidam
776 2722 936 2788 dixerunt
954 2745 1022 2787 non
1048 2745 1123 2788 esse
1143 2725 1232 2811 apud
1251 2723 1388 2790 Graecos
1407 2726 1474 2791 nisi

346 2860 452 2901 unum
476 2837 628 2901 ordinem
652 2837 834 2918 minorem,
861 2859 984 2924 nempe
1002 2837 1221 2918 lectoratum;
1247 2843 1415 2922 attamen,
1437 2839 1473 2904 in

348 2951 410 3015 hoc
434 2951 533 3016 unico
557 2951 640 3033 ritu,
662 2951 790 3016 mentio
809 2951 848 3015 fit
871 2950 1031 3016 distincta
1055 2951 1200 3016 duorum
1219 2951 1375 3017 ordinum
1385 2957 1407 3018 ¹.
1428 2991 1473 3002 —

346 3063 441 3129 Alibi
454 3088 535 3130 vero
554 3064 629 3129 duae
644 3065 873 3129 ordinationes
893 3063 1064 3130 distinctae
1083 3072 1257 3152 ponuntur
1267 3066 1290 3148 ³,
1308 3064 1388 3132 licet
1403 3067 1474 3132 lor-

346 3202 407 3244 san
427 3180 545 3244 eodem
565 3177 619 3243 die
639 3179 867 3244 conferantur.
889 3218 933 3228 —
952 3179 1003 3244 De
1021 3179 1075 3244 his
1094 3180 1243 3245 notanda
1262 3179 1353 3246 duo:

389 3317 420 3359 a.
444 3293 538 3359 Licet
552 3316 620 3357 non
640 3293 710 3357 sint
729 3292 819 3380 apud
833 3291 1026 3358 Orientales
1044 3300 1115 3358 tres
1134 3294 1191 3358 alii
1205 3293 1341 3360 ordines
1361 3295 1475 3361 mino-

345 3431 415 3489 res,
433 3430 554 3495 nempe
575 3407 720 3490 ostiarii,
738 3408 909 3471 exorcistae
924 3413 958 3472 et
972 3408 1140 3493 acolythi,
1157 3415 1308 3474 attamen
1324 3409 1366 3475 de
1381 3409 1472 3476 lacto

249 3525 252 3531 “
344 3522 480 3586 ordines
506 3521 635 3586 ostiarii
662 3528 696 3586 et
724 3521 873 3607 acolythi
902 3521 1004 3585 simul
1036 3521 1256 3586 conteruntur
1285 3545 1362 3587 cum
1393 3524 1472 3612 ipso

345 3636 461 3702 ordine
480 3635 694 3716 subdiaconi3
717 3634 808 3724 quod
831 3641 925 3722 patet
944 3658 986 3700 ex
1010 3635 1083 3724 ipsa
1103 3637 1254 3700 oratione
1275 3659 1335 3702 seu
1352 3642 1472 3723 forma

344 3749 623 3830 subdiaconatus,
651 3749 686 3813 in
712 3771 780 3837 qua
805 3747 956 3838 pontifex
982 3757 1056 3815 orat
1082 3751 1192 3814 Deum
1219 3756 1259 3815 ut
1284 3751 1472 3817 concedere

344 3865 503 3951 dignetur
526 3863 750 3928 ordinando«
773 3864 894 3928 domus
919 3872 983 3928 tuae
1007 3865 1160 3928 decorem
1181 3865 1339 3950 dilipcre,
1360 3869 1473 3930 sancti

374 4038 382 4070 ¹
402 4036 501 4095 Bruns,
518 4033 652 4094 Concilta,
670 4037 689 4085 t.
706 4051 727 4095 r,
743 4050 770 4098 p.
786 4039 824 4083 39.

374 4116 386 4150 ²
403 4116 504 4164 Videas
524 4115 606 4164 ritum
626 4115 804 4163 ordinationis
824 4111 934 4162 lectoris
953 4115 979 4162 et
998 4113 1118 4163 cantoris
1137 4114 1209 4177 apud
1229 4113 1314 4174 Goar,
1332 4113 1472 4166 Enchold-

342 4195 419 4257 ¹qr'nm
434 4195 602 4250 Graecorum,
620 4193 734 4242 Lutetiae
750 4192 922 4251 Parisiorum,
939 4197 1009 4252 1647,
1023 4209 1050 4256 p.
1068 4199 1122 4242 2³³.

374 4273 385 4307 ²
403 4271 435 4320 V.
450 4287 486 4334 g.,
502 4273 574 4333 apud
589 4271 746 4330 Maronitas,
763 4287 795 4322 ex
810 4271 856 4320 cit.
872 4271 988 4320 concilio
1002 4271 1104 4320 Montis
1120 4271 1223 4331 Libani,
1237 4273 1307 4334 part.
1319 4270 1357 4331 ll,
1374 4287 1397 4320 c.
1411 4288 1471 4331 xiv,

344 4369 368 4401 n.
385 4355 480 4409 :tl-38,
496 4365 523 4414 p.
540 4354 593 4398 242.
