3290 5060
287 515 331 564 DE
349 515 501 567 LITTERIS
520 517 810 568 nlnlssoslstlsus
830 517 871 566 ET
890 518 1189 570 EXCORPORATIONE
1249 518 1300 572 iffi
1323 573 1326 582 ,

220 657 258 721 2⁰
281 659 545 742 Dimissoriales,
563 661 640 748 jure
660 661 845 744 communi,
862 661 1002 726 concedi
1020 669 1165 750 possunt
1185 635 1298 748 verbo,

172 771 223 836 ita
246 778 377 838 utnon
402 775 595 862 requiratur
620 775 802 865 scriptura.
828 814 873 824 --
898 775 1042 842 Constat
1066 776 1174 842 relato
1203 784 1302 856 textu

172 908 271 953 conc.
298 887 405 968 Trid,
432 889 467 954 in
492 913 559 977 quo
583 911 653 955 non
677 890 898 978 requiruntur
923 888 1080 955 absolute
1105 891 1224 956 titterae
1248 893 1301 957 di·

174 1001 397 1086 missoriales,
424 1003 484 1068 sed
509 1027 687 1090 enpressus
714 1026 893 1068 consensus
916 1013 977 1068 aut
1002 1003 1121 1068 litterae
1145 1006 1301 1072 dimisso-

147 1114 299 1197 .riates,·
331 1115 456 1181 sufficit
494 1139 575 1204 ergo
613 1139 791 1204 expressus
828 1139 1025 1200 consensus,
1056 1117 1131 1205 qui,
1163 1119 1298 1207 utique,

174 1229 286 1293 verbis
314 1230 441 1318 optime
470 1231 615 1318 exprimi
647 1237 772 1318 potest.
803 1230 918 1312 Unde,
954 1231 1090 1319 quando
1121 1231 1301 1320 episcopus

173 1343 333 1432 proprius
360 1344 547 1432 impeditus
576 1352 674 1410 curat
701 1345 950 1411 ordinationem
978 1369 1118 1410 suorum
1145 1345 1302 1412 subdito-

173 1480 252 1522 rum
278 1456 320 1523 ab
344 1459 412 1523 alio
432 1459 591 1546 episcopo
611 1459 816 1542 faciendam,
838 1482 906 1524 non
927 1481 1061 1547 semper
1084 1459 1143 1524 dat
1164 1459 1301 1547 delega-

173 1572 305 1637 tionem
323 1573 359 1637 in
379 1573 531 1661 seriptis,
553 1574 632 1654 sed,
649 1573 677 1638 si
696 1596 846 1662 praesens
861 1575 907 1638 sit
927 1573 982 1638 hio
1001 1573 1090 1638 alins
1103 1573 1300 1663 episcopus,

173 1709 255 1758 eum
279 1686 441 1775 deputare
465 1688 554 1754 solet
576 1687 681 1753 verbo
706 1693 831 1754 tenus:
854 1687 946 1776 quod
967 1688 1087 1776 procul
1110 1687 1214 1753 dubio
1233 1688 1302 1756 sui-

173 1801 275 1866 ficio,
301 1840 346 1851 -
368 1803 552 1884 Attamen,
580 1802 645 1866 hoc
671 1810 815 1890 excepto
842 1825 941 1884 casu,
967 1801 1076 1866 multo
1100 1802 1207 1868 satius
1231 1810 1299 1884 est,

173 1914 220 1978 ad
238 1917 441 1982 avertendas
460 1915 616 1998 fraudes,
636 1923 670 1982 et
689 1917 852 2004 majorem
871 1915 1063 1982 habendam
1082 1916 1124 1982 de
1144 1916 1301 1982 dimisso-

174 2030 236 2094 riis
262 2030 515 2113 certitudinem,
543 2031 622 2096 dare
639 2031 861 2096 dimissorias
886 2030 921 2094 in
948 2030 1101 2118 scriptis,
1126 2038 1161 2096 et
1183 2054 1302 2098 revera

173 2144 223 2208 ita
243 2146 469 2210 communiter
488 2144 561 2210 dari
579 2145 704 2210 solent.
725 2184 770 2194 -
790 2145 840 2210 De
859 2125 1061 2210 dimissoriis
1080 2145 1301 2212 ultramonta-

173 2281 297 2322 norum
316 2259 352 2323 in
372 2259 471 2326 Italia
489 2259 771 2340 ordinandorum,
793 2257 836 2324 ci.
859 2257 946 2323 infra
965 2281 1000 2324 n.
1024 2258 1090 2327 66.
1384 2235 1387 2242 ’

220 2372 319 2440 301n
343 2395 483 2460 genere,
510 2397 579 2438 non
603 2374 797 2460 requiritur
821 2381 860 2438 ut
881 2373 1080 2440 dimissoriae
1103 2373 1302 2458 dirigantur

172 2489 219 2554 ad
243 2511 352 2553 unum
375 2497 507 2552 certum
530 2496 562 2552 et
585 2488 851 2552 determinatum
879 2489 1094 2572 episcopum,·
1119 2486 1183 2551 hoc
1210 2487 1301 2551 enim

173 2603 269 2668 nulla
284 2603 362 2691 jura
381 2601 627 2691 praescribunt3
649 2601 739 2666 unde
759 2601 861 2687 dirigi
879 2607 1025 2688 possunt
1044 2599 1100 2666 vel
1118 2601 1162 2664 ad
1181 2623 1300 2686 qnem-

172 2740 320 2805 cnmqne
343 2718 536 2803 episcopum
559 2717 781 2800 catholicum,
808 2715 864 2780 vel
886 2716 931 2779 ad
953 2736 1203 2800 quemcumque
1230 2715 1301 2799 epi-

171 2809 313 2918 scdpum
347 2833 498 2918 qratiam
529 2839 562 2894 et
597 2830 868 2896 communionem
901 2852 979 2894 cnm
1010 2829 1086 2893 sede
1118 2828 1299 2913 apostolica

172 2948 373 3030 habentem,
389 2945 446 3011 vel
460 2947 504 3011 ad
525 2945 626 3010 talem
641 2947 834 3031 episcopum
848 2944 1129 3026 determinatum,
1146 2949 1179 3006 et
1192 2942 1300 3006 atium

171 3081 423 3147 quemcumque
442 3061 487 3125 ab
505 3083 542 3125 eo
566 3061 784 3146 deputatum,
806 3065 871 3124 etc.
894 3065 959 3124 etc.
981 3096 1028 3106 -
1046 3055 1146 3135 Quod
1168 3055 1198 3120 si
1220 3054 1300 3120 diri-

171 3180 299 3261 gantur
320 3176 367 3239 ad
391 3197 499 3239 unnm
522 3174 788 3238 determinatum
811 3173 1020 3258 episcopum,
1041 3194 1075 3236 v.
1102 3193 1152 3257 g.,
1173 3167 1299 3233 archie-

170 3287 352 3376 piscopum
381 3288 626 3370 Parisiensem,
658 3295 693 3353 et
719 3286 774 3351 hio
803 3309 873 3350 non
900 3285 1001 3350 saciat
1032 3282 1296 3367 ordinationem,

171 3425 243 3469 non
266 3409 447 3491 propterea
469 3401 671 3468 dimissoriae
693 3401 798 3465 irritae
822 3406 920 3480 sunt,
941 3399 1018 3480 sed,
1045 3397 1075 3462 si
1098 3395 1298 3461 dimissoriis

171 3541 344 3584 concessae
362 3519 433 3583 sint
457 3517 492 3582 in
514 3517 665 3603 qratiam
691 3516 796 3602 ipsius
820 3513 1003 3580 ordinandi
1022 3510 1080 3601 (ut
1099 3510 1298 3599 plerumque

171 3631 246 3722 tit),
264 3631 423 3697 subditus
438 3631 599 3696 dimissus
615 3630 762 3716 recipere
777 3633 892 3718 potest
906 3625 1171 3706 ordinationem,
1186 3622 1242 3688 vel
1256 3621 1298 3686 ab

171 3748 332 3838 episeopo
359 3745 417 3834 qui
442 3744 523 3810 iacit
552 3743 801 3809 ordinationem
829 3741 905 3806 loco
933 3737 1178 3828 archiepiscopi
1206 3735 1298 3814 Pari-

170 3843 311 3942 aiensis,
334 3860 390 3924 vel
409 3859 452 3924 ab
473 3859 632 3947 episcopo
657 3857 835 3944 designato
860 3855 903 3920 ab
926 3853 1178 3942 archiepiscopo
1202 3849 1298 3916 Pari-

171 3975 294 4057 siensi,
325 3974 383 4039 vel
412 3974 515 4040 etiam
542 3971 585 4038 ab
614 3971 680 4036 alio
710 3971 769 4060 qui
795 3977 948 4058 tempore
979 3973 1171 4056 opportuno
1197 3962 1298 4029 saciat

170 4088 436 4156 ordinationem.
462 4085 562 4152 Ratio
589 4093 642 4152 est
670 4085 765 4174 quia,
792 4107 872 4150 cum
899 4081 1099 4148 dimissoriae
1128 4098 1296 4145 concessas

203 4330 210 4364 ¹
229 4303 270 4378 Ci.
288 4325 400 4384 Hallicr,
418 4325 467 4375 loc.
481 4322 535 4381 eit,
550 4339 576 4374 n.
593 4329 616 4381 ³,
632 4323 684 4372 col.
701 4327 769 4371 1037.
