<?xml version="1.0" encoding="UTF-8"?>
<!DOCTYPE html PUBLIC "-//W3C//DTD XHTML 1.0 Transitional//EN"
    "http://www.w3.org/TR/xhtml1/DTD/xhtml1-transitional.dtd">
<html xmlns="http://www.w3.org/1999/xhtml" xml:lang="en" lang="en">
 <head>
  <title>
</title>
<meta http-equiv="Content-Type" content="text/html;charset=utf-8" />
  <meta name='ocr-system' content='tesseract 3.04.00' />
  <meta name='ocr-capabilities' content='ocr_page ocr_carea ocr_par ocr_line ocrx_word'/>
</head>
<body>
  <div class='ocr_page' id='page_1' title='image "./praelectionesde00manygoog_0282.png"; bbox 0 0 3316 5052; ppageno 0'>
   <div class='ocr_carea' id='block_1_1' title="bbox 348 471 1352 529">
    <p class='ocr_par' dir='ltr' id='par_1_1' title="bbox 348 471 1352 529">
     <span class='ocr_line' id='line_1_1' title="bbox 348 471 1352 529; baseline 0.005 -6"><span class='ocrx_word' id='word_1_1' title='bbox 348 471 392 523; x_wconf 80' lang='grc' dir='ltr'>ΒΕ</span> <span class='ocrx_word' id='word_1_2' title='bbox 410 471 531 524; x_wconf 76' lang='lat' dir='ltr'><strong>DEBITA</strong></span> <span class='ocrx_word' id='word_1_3' title='bbox 549 471 770 524; x_wconf 77' lang='lat' dir='ltr'>succusslouu</span> <span class='ocrx_word' id='word_1_4' title='bbox 789 472 1065 525; x_wconf 84' lang='lat' dir='ltr'>REClPlENDOllUM</span> <span class='ocrx_word' id='word_1_5' title='bbox 1084 473 1237 526; x_wconf 84' lang='lat' dir='ltr'>OllDlNUM</span> <span class='ocrx_word' id='word_1_6' title='bbox 1301 474 1352 529; x_wconf 77' lang='lat'>269</span> 
     </span>
    </p>
   </div>
   <div class='ocr_carea' id='block_1_2' title="bbox 225 613 1354 1538">
    <p class='ocr_par' dir='ltr' id='par_1_2' title="bbox 225 613 1354 1538">
     <span class='ocr_line' id='line_1_2' title="bbox 230 613 1353 695; baseline 0 -21"><span class='ocrx_word' id='word_1_7' title='bbox 230 613 307 674; x_wconf 93' lang='lat' dir='ltr'>tium</span> <span class='ocrx_word' id='word_1_8' title='bbox 321 613 509 695; x_wconf 81' lang='lat' dir='ltr'><strong>prosilierat,</strong></span> <span class='ocrx_word' id='word_1_9' title='bbox 522 615 554 674; x_wconf 92' lang='lat' dir='ltr'>in</span> <span class='ocrx_word' id='word_1_10' title='bbox 564 613 819 694; x_wconf 81' lang='lat' dir='ltr'><strong>degradationem</strong></span> <span class='ocrx_word' id='word_1_11' title='bbox 828 613 965 676; x_wconf 89' lang='lat' dir='ltr'>debitam</span> <span class='ocrx_word' id='word_1_12' title='bbox 978 614 1096 677; x_wconf 90' lang='lat' dir='ltr'>resilire</span> <span class='ocrx_word' id='word_1_13' title='bbox 1107 615 1235 677; x_wconf 80' lang='lat' dir='ltr'>deberet</span> <span class='ocrx_word' id='word_1_14' title='bbox 1246 617 1254 652; x_wconf 88' lang='lat'><strong>¹</strong></span> <span class='ocrx_word' id='word_1_15' title='bbox 1265 635 1273 692; x_wconf 90' lang='lat'>;</span> <span class='ocrx_word' id='word_1_16' title='bbox 1287 641 1302 674; x_wconf 66' lang='lat' dir='ltr'>&gt;s</span> <span class='ocrx_word' id='word_1_17' title='bbox 1313 653 1353 663; x_wconf 90' lang='lat'><em>-</em></span> 
     </span>
     <span class='ocr_line' id='line_1_3' title="bbox 230 717 1351 801; baseline 0.004 -21"><span class='ocrx_word' id='word_1_18' title='bbox 230 717 259 780; x_wconf 89' lang='lat' dir='ltr'>b.</span> <span class='ocrx_word' id='word_1_19' title='bbox 278 718 455 779; x_wconf 82' lang='lat' dir='ltr'>Alexander</span> <span class='ocrx_word' id='word_1_20' title='bbox 470 719 517 792; x_wconf 97' lang='grc' dir='ltr'>ΙΙ,</span> <span class='ocrx_word' id='word_1_21' title='bbox 533 739 602 780; x_wconf 88' lang='lat' dir='ltr'>cau.</span> <span class='ocrx_word' id='word_1_22' title='bbox 620 718 825 796; x_wconf 77' lang='lat' dir='ltr'><em>Sollicitudo,</em></span> <span class='ocrx_word' id='word_1_23' title='bbox 845 723 872 793; x_wconf 93' lang='lat' dir='ltr'>l,</span> <span class='ocrx_word' id='word_1_24' title='bbox 888 717 961 780; x_wconf 91' lang='lat' dir='ltr'>dist.</span> <span class='ocrx_word' id='word_1_25' title='bbox 979 721 1050 796; x_wconf 87' lang='lat' dir='ltr'>LII,</span> <span class='ocrx_word' id='word_1_26' title='bbox 1067 741 1161 801; x_wconf 90' lang='lat' dir='ltr'>agens</span> <span class='ocrx_word' id='word_1_27' title='bbox 1175 722 1214 783; x_wconf 92' lang='lat' dir='ltr'>de</span> <span class='ocrx_word' id='word_1_28' title='bbox 1227 722 1351 798; x_wconf 89' lang='lat' dir='ltr'>clerico,</span> 
     </span>
     <span class='ocr_line' id='line_1_4' title="bbox 227 823 1354 910; baseline 0.004 -26"><span class='ocrx_word' id='word_1_29' title='bbox 227 825 297 906; x_wconf 91' lang='lat' dir='ltr'>qui,</span> <span class='ocrx_word' id='word_1_30' title='bbox 312 824 428 884; x_wconf 88' lang='lat' dir='ltr'>omisso</span> <span class='ocrx_word' id='word_1_31' title='bbox 443 823 684 899; x_wconf 77' lang='lat' dir='ltr'>subdiaconatu,</span> <span class='ocrx_word' id='word_1_32' title='bbox 699 824 862 885; x_wconf 90' lang='lat' dir='ltr'>ordinatus</span> <span class='ocrx_word' id='word_1_33' title='bbox 876 831 943 886; x_wconf 88' lang='lat' dir='ltr'>erat</span> <span class='ocrx_word' id='word_1_34' title='bbox 957 825 990 885; x_wconf 91' lang='lat' dir='ltr'>in</span> <span class='ocrx_word' id='word_1_35' title='bbox 1003 825 1169 887; x_wconf 91' lang='lat' dir='ltr'>diaconum</span> <span class='ocrx_word' id='word_1_36' title='bbox 1183 835 1213 888; x_wconf 88' lang='lat' dir='ltr'>et</span> <span class='ocrx_word' id='word_1_37' title='bbox 1226 829 1354 910; x_wconf 82' lang='lat' dir='ltr'>presby-</span> 
     </span>
     <span class='ocr_line' id='line_1_5' title="bbox 227 928 1354 1016; baseline 0.004 -26"><span class='ocrx_word' id='word_1_38' title='bbox 227 938 345 1004; x_wconf 92' lang='lat' dir='ltr'>terum,</span> <span class='ocrx_word' id='word_1_39' title='bbox 365 929 493 991; x_wconf 87' lang='lat' dir='ltr'>mandat</span> <span class='ocrx_word' id='word_1_40' title='bbox 508 929 670 1011; x_wconf 89' lang='lat' dir='ltr'>episcopo,</span> <span class='ocrx_word' id='word_1_41' title='bbox 689 953 704 985; x_wconf 80' lang='lat' dir='ltr'>a</span> <span class='ocrx_word' id='word_1_42' title='bbox 722 937 758 990; x_wconf 95' lang='lat' dir='ltr'>ut</span> <span class='ocrx_word' id='word_1_43' title='bbox 771 928 814 990; x_wconf 89' lang='lat' dir='ltr'>ab</span> <span class='ocrx_word' id='word_1_44' title='bbox 828 929 935 1012; x_wconf 80' lang='lat' dir='ltr'>officio</span> <span class='ocrx_word' id='word_1_45' title='bbox 952 929 1144 992; x_wconf 87' lang='lat' dir='ltr'>sacerdotati</span> <span class='ocrx_word' id='word_1_46' title='bbox 1158 953 1229 993; x_wconf 91' lang='lat' dir='ltr'>eum</span> <span class='ocrx_word' id='word_1_47' title='bbox 1241 935 1354 1016; x_wconf 78' lang='lat' dir='ltr'>prohi-</span> 
     </span>
     <span class='ocr_line' id='line_1_6' title="bbox 226 1031 1354 1117; baseline 0.004 -23"><span class='ocrx_word' id='word_1_48' title='bbox 226 1031 315 1111; x_wconf 84' lang='lat' dir='ltr'>beas,</span> <span class='ocrx_word' id='word_1_49' title='bbox 330 1033 446 1108; x_wconf 89' lang='lat' dir='ltr'>donec,</span> <span class='ocrx_word' id='word_1_50' title='bbox 464 1034 607 1115; x_wconf 82' lang='lat' dir='ltr'>proximo</span> <span class='ocrx_word' id='word_1_51' title='bbox 622 1041 759 1114; x_wconf 90' lang='lat' dir='ltr'>quatuor</span> <span class='ocrx_word' id='word_1_52' title='bbox 769 1041 945 1116; x_wconf 90' lang='lat' dir='ltr'>temporum</span> <span class='ocrx_word' id='word_1_53' title='bbox 957 1035 1095 1117; x_wconf 89' lang='lat' dir='ltr'>jejunio,</span> <span class='ocrx_word' id='word_1_54' title='bbox 1112 1035 1354 1099; x_wconf 79' lang='lat' dir='ltr'>subdiaconatus</span> 
     </span>
     <span class='ocr_line' id='line_1_7' title="bbox 226 1139 1351 1223; baseline 0.003 -23"><span class='ocrx_word' id='word_1_55' title='bbox 226 1139 433 1200; x_wconf 90' lang='lat' dir='ltr'>ministerium</span> <span class='ocrx_word' id='word_1_56' title='bbox 448 1139 507 1200; x_wconf 91' lang='lat' dir='ltr'>sibi</span> <span class='ocrx_word' id='word_1_57' title='bbox 527 1139 586 1200; x_wconf 88' lang='lat' dir='ltr'>rite</span> <span class='ocrx_word' id='word_1_58' title='bbox 603 1140 762 1221; x_wconf 77' lang='lat' dir='ltr'>imponas,</span> <span class='ocrx_word' id='word_1_59' title='bbox 779 1147 810 1200; x_wconf 91' lang='lat' dir='ltr'>et</span> <span class='ocrx_word' id='word_1_60' title='bbox 830 1140 874 1200; x_wconf 90' lang='lat' dir='ltr'>sic</span> <span class='ocrx_word' id='word_1_61' title='bbox 893 1140 1041 1222; x_wconf 82' lang='lat' dir='ltr'>deinceps</span> <span class='ocrx_word' id='word_1_62' title='bbox 1058 1141 1097 1201; x_wconf 91' lang='lat' dir='ltr'>ad</span> <span class='ocrx_word' id='word_1_63' title='bbox 1117 1142 1235 1223; x_wconf 88' lang='lat' dir='ltr'>majora</span> <span class='ocrx_word' id='word_1_64' title='bbox 1252 1144 1351 1204; x_wconf 86' lang='lat' dir='ltr'>officia</span> 
     </span>
     <span class='ocr_line' id='line_1_8' title="bbox 226 1244 1348 1326; baseline 0.003 -22"><span class='ocrx_word' id='word_1_65' title='bbox 226 1265 297 1305; x_wconf 88' lang='lat' dir='ltr'>eum</span> <span class='ocrx_word' id='word_1_66' title='bbox 307 1244 409 1305; x_wconf 88' lang='lat' dir='ltr'>redire</span> <span class='ocrx_word' id='word_1_67' title='bbox 420 1244 587 1318; x_wconf 90' lang='lat' dir='ltr'>concedas;</span> <span class='ocrx_word' id='word_1_68' title='bbox 607 1269 622 1300; x_wconf 91' lang='lat'>»</span> <span class='ocrx_word' id='word_1_69' title='bbox 635 1265 712 1306; x_wconf 86' lang='lat' dir='ltr'>-c.</span> <span class='ocrx_word' id='word_1_70' title='bbox 727 1244 928 1305; x_wconf 77' lang='lat' dir='ltr'>Innocentius</span> <span class='ocrx_word' id='word_1_71' title='bbox 939 1244 997 1319; x_wconf 90' lang='grc' dir='ltr'>ΙΙΙ,</span> <span class='ocrx_word' id='word_1_72' title='bbox 1014 1266 1082 1326; x_wconf 90' lang='lat' dir='ltr'>cap.</span> <span class='ocrx_word' id='word_1_73' title='bbox 1097 1245 1171 1306; x_wconf 70' lang='lat' dir='ltr'>Tuae</span> <span class='ocrx_word' id='word_1_74' title='bbox 1182 1246 1306 1324; x_wconf 83' lang='lat' dir='ltr'>titteroe,</span> <span class='ocrx_word' id='word_1_75' title='bbox 1321 1253 1348 1322; x_wconf 95' lang='lat' dir='ltr'>l,</span> 
     </span>
     <span class='ocr_line' id='line_1_9' title="bbox 225 1350 1349 1436; baseline 0.004 -26"><span class='ocrx_word' id='word_1_76' title='bbox 225 1351 273 1410; x_wconf 84' lang='lat' dir='ltr'>Ds</span> <span class='ocrx_word' id='word_1_77' title='bbox 287 1371 407 1411; x_wconf 79' lang='lat' dir='ltr'>cnumco</span> <span class='ocrx_word' id='word_1_78' title='bbox 422 1371 475 1409; x_wconf 82' lang='lat' dir='ltr'>rsa</span> <span class='ocrx_word' id='word_1_79' title='bbox 491 1371 604 1410; x_wconf 70' lang='lat' dir='ltr'>saurus</span> <span class='ocrx_word' id='word_1_80' title='bbox 618 1371 769 1424; x_wconf 70' lang='lat' dir='ltr'>rnorem,</span> <span class='ocrx_word' id='word_1_81' title='bbox 785 1350 935 1431; x_wconf 77' lang='lat' dir='ltr'>supponit</span> <span class='ocrx_word' id='word_1_82' title='bbox 949 1351 1133 1412; x_wconf 81' lang='lat' dir='ltr'>existentem</span> <span class='ocrx_word' id='word_1_83' title='bbox 1149 1352 1263 1433; x_wconf 90' lang='lat' dir='ltr'>legem,</span> <span class='ocrx_word' id='word_1_84' title='bbox 1280 1375 1349 1436; x_wconf 77' lang='lat' dir='ltr'>quae</span> 
     </span>
     <span class='ocr_line' id='line_1_10' title="bbox 226 1454 1348 1538; baseline 0.004 -23"><span class='ocrx_word' id='word_1_85' title='bbox 226 1455 371 1538; x_wconf 91' lang='lat' dir='ltr'>prohibet</span> <span class='ocrx_word' id='word_1_86' title='bbox 386 1454 569 1516; x_wconf 84' lang='lat' dir='ltr'>exercitium</span> <span class='ocrx_word' id='word_1_87' title='bbox 584 1455 703 1516; x_wconf 90' lang='lat' dir='ltr'>ordinis</span> <span class='ocrx_word' id='word_1_88' title='bbox 722 1476 779 1536; x_wconf 90' lang='lat' dir='ltr'>per</span> <span class='ocrx_word' id='word_1_89' title='bbox 795 1455 909 1517; x_wconf 90' lang='lat' dir='ltr'>saltum</span> <span class='ocrx_word' id='word_1_90' title='bbox 929 1456 1061 1538; x_wconf 81' lang='lat' dir='ltr'>recepti,</span> <span class='ocrx_word' id='word_1_91' title='bbox 1078 1465 1113 1518; x_wconf 94' lang='lat' dir='ltr'>ut</span> <span class='ocrx_word' id='word_1_92' title='bbox 1127 1479 1200 1518; x_wconf 85' lang='lat' dir='ltr'>mox</span> <span class='ocrx_word' id='word_1_93' title='bbox 1214 1459 1348 1521; x_wconf 91' lang='lat' dir='ltr'>dicetur.</span> 
     </span>
    </p>
   </div>
   <div class='ocr_carea' id='block_1_3' title="bbox 503 1720 1071 1788">
    <p class='ocr_par' dir='ltr' id='par_1_3' title="bbox 503 1720 1071 1788">
     <span class='ocr_line' id='line_1_11' title="bbox 503 1720 1071 1788; baseline 0.005 -2"><span class='ocrx_word' id='word_1_94' title='bbox 503 1720 547 1787; x_wconf 92' lang='lat' dir='ltr'>ll.</span> <span class='ocrx_word' id='word_1_95' title='bbox 575 1722 681 1787; x_wconf 70' lang='lat' dir='ltr'>Iaces</span> <span class='ocrx_word' id='word_1_96' title='bbox 705 1741 768 1786; x_wconf 74' lang='lat' dir='ltr'>uic</span> <span class='ocrx_word' id='word_1_97' title='bbox 790 1741 830 1786; x_wconf 85' lang='lat' dir='ltr'>us</span> <span class='ocrx_word' id='word_1_98' title='bbox 854 1741 894 1786; x_wconf 84' lang='lat' dir='ltr'>nu</span> <span class='ocrx_word' id='word_1_99' title='bbox 917 1741 1071 1788; x_wconf 84' lang='lat' dir='ltr'>vrcunrus</span> 
     </span>
    </p>
   </div>
   <div class='ocr_carea' id='block_1_4' title="bbox 223 1933 1351 4186">
    <p class='ocr_par' dir='ltr' id='par_1_4' title="bbox 270 1933 1214 2022">
     <span class='ocr_line' id='line_1_12' title="bbox 270 1933 1214 2022; baseline 0.002 -20"><span class='ocrx_word' id='word_1_100' title='bbox 270 1933 364 2002; x_wconf 88' lang='lat'><strong>104.</strong></span> <span class='ocrx_word' id='word_1_101' title='bbox 379 1972 423 1982; x_wconf 92' lang='grc'>-</span> <span class='ocrx_word' id='word_1_102' title='bbox 441 1934 715 2002; x_wconf 81' lang='lat' dir='ltr'>Ordinationes</span> <span class='ocrx_word' id='word_1_103' title='bbox 734 1952 806 2021; x_wconf 87' lang='lat' dir='ltr'>per</span> <span class='ocrx_word' id='word_1_104' title='bbox 825 1933 970 2002; x_wconf 84' lang='lat' dir='ltr'>saltum</span> <span class='ocrx_word' id='word_1_105' title='bbox 988 1933 1214 2022; x_wconf 80' lang='lat' dir='ltr'>prohibitas.</span> 
     </span>
    </p>

    <p class='ocr_par' dir='ltr' id='par_1_5' title="bbox 223 2047 1349 3618">
     <span class='ocr_line' id='line_1_13' title="bbox 270 2047 1347 2136; baseline 0.002 -24"><span class='ocrx_word' id='word_1_106' title='bbox 270 2051 303 2112; x_wconf 79' lang='lat'>1⁰</span> <span class='ocrx_word' id='word_1_107' title='bbox 323 2047 463 2114; x_wconf 88' lang='lat' dir='ltr'>Certum</span> <span class='ocrx_word' id='word_1_108' title='bbox 488 2054 540 2113; x_wconf 89' lang='lat' dir='ltr'>est</span> <span class='ocrx_word' id='word_1_109' title='bbox 563 2071 632 2113; x_wconf 93' lang='lat' dir='ltr'>non</span> <span class='ocrx_word' id='word_1_110' title='bbox 656 2071 757 2136; x_wconf 86' lang='lat' dir='ltr'>posse</span> <span class='ocrx_word' id='word_1_111' title='bbox 780 2048 995 2136; x_wconf 76' lang='lat' dir='ltr'>praetermitti</span> <span class='ocrx_word' id='word_1_112' title='bbox 1018 2049 1170 2135; x_wconf 80' lang='lat' dir='ltr'>aliquem</span> <span class='ocrx_word' id='word_1_113' title='bbox 1194 2049 1347 2114; x_wconf 86' lang='lat' dir='ltr'>ordinem</span> 
     </span>
     <span class='ocr_line' id='line_1_14' title="bbox 223 2161 1348 2250; baseline 0.003 -24"><span class='ocrx_word' id='word_1_114' title='bbox 223 2183 359 2226; x_wconf 91' lang='lat' dir='ltr'>sacrum</span> <span class='ocrx_word' id='word_1_115' title='bbox 364 2212 375 2246; x_wconf 96' lang='lat'>,</span> <span class='ocrx_word' id='word_1_116' title='bbox 391 2168 575 2250; x_wconf 89' lang='lat' dir='ltr'>antequam</span> <span class='ocrx_word' id='word_1_117' title='bbox 589 2161 772 2249; x_wconf 85' lang='lat' dir='ltr'>recipiatur</span> <span class='ocrx_word' id='word_1_118' title='bbox 790 2161 873 2226; x_wconf 93' lang='lat' dir='ltr'>ordo</span> <span class='ocrx_word' id='word_1_119' title='bbox 888 2162 1051 2250; x_wconf 88' lang='lat' dir='ltr'>superior.</span> <span class='ocrx_word' id='word_1_120' title='bbox 1069 2163 1215 2228; x_wconf 88' lang='lat' dir='ltr'>-Nam</span> <span class='ocrx_word' id='word_1_121' title='bbox 1232 2183 1239 2230; x_wconf 92' lang='lat'>:</span> <span class='ocrx_word' id='word_1_122' title='bbox 1259 2163 1290 2230; x_wconf 93' lang='lat' dir='ltr'>l.</span> <span class='ocrx_word' id='word_1_123' title='bbox 1309 2164 1348 2229; x_wconf 95' lang='lat' dir='ltr'>ld</span> 
     </span>
     <span class='ocr_line' id='line_1_15' title="bbox 224 2274 1348 2365; baseline 0.003 -24"><span class='ocrx_word' id='word_1_124' title='bbox 224 2281 358 2341; x_wconf 87' lang='lat' dir='ltr'>constat</span> <span class='ocrx_word' id='word_1_125' title='bbox 376 2275 412 2339; x_wconf 87' lang='lat' dir='ltr'>in</span> <span class='ocrx_word' id='word_1_126' title='bbox 431 2297 554 2364; x_wconf 90' lang='lat' dir='ltr'>genere</span> <span class='ocrx_word' id='word_1_127' title='bbox 578 2275 736 2340; x_wconf 88' lang='lat' dir='ltr'>omnibus</span> <span class='ocrx_word' id='word_1_128' title='bbox 754 2274 889 2362; x_wconf 91' lang='lat' dir='ltr'>legibus</span> <span class='ocrx_word' id='word_1_129' title='bbox 908 2281 943 2341; x_wconf 85' lang='lat' dir='ltr'>et</span> <span class='ocrx_word' id='word_1_130' title='bbox 966 2277 1111 2342; x_wconf 89' lang='lat' dir='ltr'>decretis</span> <span class='ocrx_word' id='word_1_131' title='bbox 1134 2299 1237 2365; x_wconf 91' lang='lat' dir='ltr'>supra</span> <span class='ocrx_word' id='word_1_132' title='bbox 1260 2277 1348 2344; x_wconf 92' lang='lat' dir='ltr'>rela-</span> 
     </span>
     <span class='ocr_line' id='line_1_16' title="bbox 224 2388 1348 2478; baseline 0 -22"><span class='ocrx_word' id='word_1_133' title='bbox 224 2391 286 2472; x_wconf 83' lang='lat' dir='ltr'>tis,</span> <span class='ocrx_word' id='word_1_134' title='bbox 316 2413 439 2478; x_wconf 89' lang='lat' dir='ltr'>nempe</span> <span class='ocrx_word' id='word_1_135' title='bbox 467 2413 561 2456; x_wconf 86' lang='lat' dir='ltr'>conc.</span> <span class='ocrx_word' id='word_1_136' title='bbox 596 2389 822 2472; x_wconf 87' lang='lat' dir='ltr'>Sardicensis,</span> <span class='ocrx_word' id='word_1_137' title='bbox 853 2388 980 2472; x_wconf 89' lang='lat' dir='ltr'>Siricii,</span> <span class='ocrx_word' id='word_1_138' title='bbox 1012 2390 1153 2473; x_wconf 88' lang='lat' dir='ltr'>Zozimi,</span> <span class='ocrx_word' id='word_1_139' title='bbox 1184 2399 1274 2471; x_wconf 84' lang='lat' dir='ltr'>etc.;</span> <span class='ocrx_word' id='word_1_140' title='bbox 1304 2431 1348 2442; x_wconf 90' lang='lat'>—-</span> 
     </span>
     <span class='ocr_line' id='line_1_17' title="bbox 224 2503 1348 2593; baseline 0 -23"><span class='ocrx_word' id='word_1_141' title='bbox 224 2505 257 2570; x_wconf 82' lang='lat'>2.</span> <span class='ocrx_word' id='word_1_142' title='bbox 279 2503 478 2593; x_wconf 90' lang='lat' dir='ltr'>Specialiter</span> <span class='ocrx_word' id='word_1_143' title='bbox 500 2511 635 2570; x_wconf 86' lang='lat' dir='ltr'>constat</span> <span class='ocrx_word' id='word_1_144' title='bbox 658 2504 699 2569; x_wconf 88' lang='lat' dir='ltr'>de</span> <span class='ocrx_word' id='word_1_145' title='bbox 722 2504 985 2588; x_wconf 83' lang='lat' dir='ltr'>subdiaconatu,</span> <span class='ocrx_word' id='word_1_146' title='bbox 1008 2505 1125 2570; x_wconf 85' lang='lat' dir='ltr'>excit.</span> <span class='ocrx_word' id='word_1_147' title='bbox 1149 2527 1222 2572; x_wconf 89' lang='lat' dir='ltr'>cau.</span> <span class='ocrx_word' id='word_1_148' title='bbox 1245 2506 1348 2570; x_wconf 86' lang='lat' dir='ltr'>Solli-</span> 
     </span>
     <span class='ocr_line' id='line_1_18' title="bbox 224 2617 1348 2708; baseline 0.001 -25"><span class='ocrx_word' id='word_1_149' title='bbox 224 2619 354 2702; x_wconf 90' lang='lat' dir='ltr'>citudo,</span> <span class='ocrx_word' id='word_1_150' title='bbox 380 2617 415 2682; x_wconf 90' lang='lat' dir='ltr'>iu</span> <span class='ocrx_word' id='word_1_151' title='bbox 440 2641 507 2707; x_wconf 91' lang='lat' dir='ltr'>quo</span> <span class='ocrx_word' id='word_1_152' title='bbox 531 2619 728 2683; x_wconf 86' lang='lat' dir='ltr'>Alexander</span> <span class='ocrx_word' id='word_1_153' title='bbox 752 2617 783 2682; x_wconf 98' lang='grc' dir='ltr'>ΙΙ</span> <span class='ocrx_word' id='word_1_154' title='bbox 807 2618 927 2706; x_wconf 88' lang='lat' dir='ltr'>plectit</span> <span class='ocrx_word' id='word_1_155' title='bbox 952 2619 1175 2708; x_wconf 87' lang='lat' dir='ltr'>suspensione</span> <span class='ocrx_word' id='word_1_156' title='bbox 1201 2619 1348 2684; x_wconf 85' lang='lat' dir='ltr'>lerendae</span> 
     </span>
     <span class='ocr_line' id='line_1_19' title="bbox 224 2731 1348 2822; baseline 0.001 -23"><span class='ocrx_word' id='word_1_157' title='bbox 224 2733 402 2799; x_wconf 85' lang='lat' dir='ltr'>sententiae</span> <span class='ocrx_word' id='word_1_158' title='bbox 421 2731 582 2798; x_wconf 88' lang='lat' dir='ltr'>clericum</span> <span class='ocrx_word' id='word_1_159' title='bbox 601 2732 660 2820; x_wconf 89' lang='lat' dir='ltr'>qui</span> <span class='ocrx_word' id='word_1_160' title='bbox 678 2731 769 2797; x_wconf 91' lang='lat' dir='ltr'>hunc</span> <span class='ocrx_word' id='word_1_161' title='bbox 787 2731 941 2797; x_wconf 90' lang='lat' dir='ltr'>ordinem</span> <span class='ocrx_word' id='word_1_162' title='bbox 960 2732 1141 2813; x_wconf 81' lang='lat' dir='ltr'>omiserat3</span> <span class='ocrx_word' id='word_1_163' title='bbox 1158 2771 1201 2783; x_wconf 97' lang='lat'>-</span> <span class='ocrx_word' id='word_1_164' title='bbox 1217 2734 1248 2800; x_wconf 89' lang='lat'>3.</span> <span class='ocrx_word' id='word_1_165' title='bbox 1267 2733 1348 2822; x_wconf 89' lang='lat' dir='ltr'>Spe-</span> 
     </span>
     <span class='ocr_line' id='line_1_20' title="bbox 224 2845 1348 2934; baseline 0.001 -22"><span class='ocrx_word' id='word_1_166' title='bbox 224 2847 356 2912; x_wconf 89' lang='lat' dir='ltr'>cialiter</span> <span class='ocrx_word' id='word_1_167' title='bbox 374 2852 509 2912; x_wconf 90' lang='lat' dir='ltr'>constat</span> <span class='ocrx_word' id='word_1_168' title='bbox 528 2845 569 2912; x_wconf 93' lang='lat' dir='ltr'>de</span> <span class='ocrx_word' id='word_1_169' title='bbox 589 2847 786 2930; x_wconf 83' lang='lat' dir='ltr'>diaconatu,</span> <span class='ocrx_word' id='word_1_170' title='bbox 807 2869 849 2910; x_wconf 83' lang='lat' dir='ltr'>ex</span> <span class='ocrx_word' id='word_1_171' title='bbox 874 2869 949 2934; x_wconf 89' lang='lat' dir='ltr'>cap.</span> <span class='ocrx_word' id='word_1_172' title='bbox 977 2846 1054 2911; x_wconf 78' lang='lat' dir='ltr'>Tuae</span> <span class='ocrx_word' id='word_1_173' title='bbox 1080 2847 1215 2929; x_wconf 78' lang='lat' dir='ltr'>littera,</span> <span class='ocrx_word' id='word_1_174' title='bbox 1239 2849 1275 2930; x_wconf 89' lang='lat' dir='ltr'>l,</span> <span class='ocrx_word' id='word_1_175' title='bbox 1299 2849 1348 2913; x_wconf 81' lang='lat' dir='ltr'>Du</span> 
     </span>
     <span class='ocr_line' id='line_1_21' title="bbox 225 2960 1349 3049; baseline 0 -23"><span class='ocrx_word' id='word_1_176' title='bbox 225 2981 354 3028; x_wconf 78' lang='lat' dir='ltr'>cmmco</span> <span class='ocrx_word' id='word_1_177' title='bbox 373 2981 432 3025; x_wconf 80' lang='lat' dir='ltr'>run</span> <span class='ocrx_word' id='word_1_178' title='bbox 452 2981 576 3026; x_wconf 78' lang='lat' dir='ltr'>simun</span> <span class='ocrx_word' id='word_1_179' title='bbox 601 2980 766 3042; x_wconf 78' lang='lat' dir='ltr'>moriare,</span> <span class='ocrx_word' id='word_1_180' title='bbox 788 2961 823 3024; x_wconf 92' lang='lat' dir='ltr'>iu</span> <span class='ocrx_word' id='word_1_181' title='bbox 847 2982 914 3048; x_wconf 92' lang='lat' dir='ltr'>quo</span> <span class='ocrx_word' id='word_1_182' title='bbox 938 2960 1050 3048; x_wconf 87' lang='lat' dir='ltr'>agitur</span> <span class='ocrx_word' id='word_1_183' title='bbox 1073 2961 1115 3025; x_wconf 89' lang='lat' dir='ltr'>de</span> <span class='ocrx_word' id='word_1_184' title='bbox 1139 2961 1266 3027; x_wconf 89' lang='lat' dir='ltr'>omisso</span> <span class='ocrx_word' id='word_1_185' title='bbox 1289 2985 1349 3049; x_wconf 90' lang='lat' dir='ltr'>per</span> 
     </span>
     <span class='ocr_line' id='line_1_22' title="bbox 225 3073 1349 3163; baseline 0.001 -23"><span class='ocrx_word' id='word_1_186' title='bbox 225 3075 454 3163; x_wconf 85' lang='lat' dir='ltr'>ignorantiam</span> <span class='ocrx_word' id='word_1_187' title='bbox 484 3074 666 3140; x_wconf 90' lang='lat' dir='ltr'>diaconatu</span> <span class='ocrx_word' id='word_1_188' title='bbox 694 3095 702 3141; x_wconf 75' lang='grc' dir='ltr'>ε</span> <span class='ocrx_word' id='word_1_189' title='bbox 739 3101 755 3136; x_wconf 91' lang='lat'>«</span> <span class='ocrx_word' id='word_1_190' title='bbox 791 3073 996 3140; x_wconf 93' lang='lat' dir='ltr'>Mandamus</span> <span class='ocrx_word' id='word_1_191' title='bbox 1029 3082 1197 3163; x_wconf 89' lang='lat' dir='ltr'>quatenus</span> <span class='ocrx_word' id='word_1_192' title='bbox 1232 3077 1349 3141; x_wconf 90' lang='lat' dir='ltr'>condi-</span> 
     </span>
     <span class='ocr_line' id='line_1_23' title="bbox 226 3187 1349 3278; baseline 0.002 -24"><span class='ocrx_word' id='word_1_193' title='bbox 226 3211 329 3277; x_wconf 86' lang='lat' dir='ltr'>gnam</span> <span class='ocrx_word' id='word_1_194' title='bbox 345 3187 349 3198; x_wconf 87' lang='lat'>&#39;</span> <span class='ocrx_word' id='word_1_195' title='bbox 363 3188 599 3278; x_wconf 85' lang='lat' dir='ltr'>poeuitentiam</span> <span class='ocrx_word' id='word_1_196' title='bbox 631 3211 692 3277; x_wconf 93' lang='lat' dir='ltr'>pro</span> <span class='ocrx_word' id='word_1_197' title='bbox 724 3187 920 3276; x_wconf 91' lang='lat' dir='ltr'>hujusmodi</span> <span class='ocrx_word' id='word_1_198' title='bbox 950 3187 1159 3276; x_wconf 86' lang='lat' dir='ltr'>negligentia</span> <span class='ocrx_word' id='word_1_199' title='bbox 1190 3189 1349 3278; x_wconf 88' lang='lat' dir='ltr'>injungas</span> 
     </span>
     <span class='ocr_line' id='line_1_24' title="bbox 228 3300 1349 3392; baseline 0.001 -25"><span class='ocrx_word' id='word_1_200' title='bbox 228 3302 338 3368; x_wconf 89' lang='lat' dir='ltr'>eidem</span> <span class='ocrx_word' id='word_1_201' title='bbox 368 3300 624 3391; x_wconf 81' lang='lat' dir='ltr'>(presbytero);</span> <span class='ocrx_word' id='word_1_202' title='bbox 656 3324 723 3392; x_wconf 90' lang='lat' dir='ltr'>qua</span> <span class='ocrx_word' id='word_1_203' title='bbox 745 3307 943 3390; x_wconf 85' lang='lat' dir='ltr'>peracta...,</span> <span class='ocrx_word' id='word_1_204' title='bbox 970 3301 1084 3389; x_wconf 93' lang='lat' dir='ltr'>ipsum</span> <span class='ocrx_word' id='word_1_205' title='bbox 1107 3302 1143 3366; x_wconf 91' lang='lat' dir='ltr'>in</span> <span class='ocrx_word' id='word_1_206' title='bbox 1169 3301 1349 3369; x_wconf 91' lang='lat' dir='ltr'>diaconum</span> 
     </span>
     <span class='ocr_line' id='line_1_25' title="bbox 227 3413 1349 3504; baseline 0 -22"><span class='ocrx_word' id='word_1_207' title='bbox 227 3416 382 3482; x_wconf 91' lang='lat' dir='ltr'>ordinare</span> <span class='ocrx_word' id='word_1_208' title='bbox 407 3439 584 3504; x_wconf 89' lang='lat' dir='ltr'>procures,</span> <span class='ocrx_word' id='word_1_209' title='bbox 611 3421 645 3482; x_wconf 89' lang='lat' dir='ltr'>et</span> <span class='ocrx_word' id='word_1_210' title='bbox 669 3415 717 3481; x_wconf 92' lang='lat' dir='ltr'>sic</span> <span class='ocrx_word' id='word_1_211' title='bbox 739 3416 782 3480; x_wconf 89' lang='lat' dir='ltr'>de</span> <span class='ocrx_word' id='word_1_212' title='bbox 806 3413 1037 3480; x_wconf 89' lang='lat' dir='ltr'>misericordia</span> <span class='ocrx_word' id='word_1_213' title='bbox 1065 3415 1222 3480; x_wconf 90' lang='lat' dir='ltr'>eumdem</span> <span class='ocrx_word' id='word_1_214' title='bbox 1249 3417 1349 3482; x_wconf 91' lang='lat' dir='ltr'>mini-</span> 
     </span>
     <span class='ocr_line' id='line_1_26' title="bbox 227 3529 983 3618; baseline -0.007 -23"><span class='ocrx_word' id='word_1_215' title='bbox 227 3535 334 3596; x_wconf 89' lang='lat' dir='ltr'>strare</span> <span class='ocrx_word' id='word_1_216' title='bbox 353 3530 531 3618; x_wconf 89' lang='lat' dir='ltr'>permittas</span> <span class='ocrx_word' id='word_1_217' title='bbox 550 3529 585 3593; x_wconf 90' lang='lat' dir='ltr'>in</span> <span class='ocrx_word' id='word_1_218' title='bbox 604 3529 722 3594; x_wconf 87' lang='lat' dir='ltr'>ordine</span> <span class='ocrx_word' id='word_1_219' title='bbox 742 3529 940 3595; x_wconf 83' lang='lat' dir='ltr'>sacerdotis.</span> <span class='ocrx_word' id='word_1_220' title='bbox 966 3555 983 3590; x_wconf 77' lang='lat' dir='ltr'>a</span> 
     </span>
    </p>

    <p class='ocr_par' dir='ltr' id='par_1_6' title="bbox 227 3641 1351 4186">
     <span class='ocr_line' id='line_1_27' title="bbox 272 3641 1350 3731; baseline 0.001 -23"><span class='ocrx_word' id='word_1_221' title='bbox 272 3643 308 3708; x_wconf 83' lang='lat'>2⁰</span> <span class='ocrx_word' id='word_1_222' title='bbox 322 3641 464 3709; x_wconf 90' lang='lat' dir='ltr'>Certum</span> <span class='ocrx_word' id='word_1_223' title='bbox 482 3647 535 3708; x_wconf 88' lang='lat' dir='ltr'>est</span> <span class='ocrx_word' id='word_1_224' title='bbox 553 3641 656 3708; x_wconf 89' lang='lat' dir='ltr'>etiam</span> <span class='ocrx_word' id='word_1_225' title='bbox 676 3665 745 3708; x_wconf 93' lang='lat' dir='ltr'>uon</span> <span class='ocrx_word' id='word_1_226' title='bbox 765 3665 863 3731; x_wconf 90' lang='lat' dir='ltr'>posse</span> <span class='ocrx_word' id='word_1_227' title='bbox 882 3641 1096 3729; x_wconf 87' lang='lat' dir='ltr'>praetermitti</span> <span class='ocrx_word' id='word_1_228' title='bbox 1115 3643 1350 3730; x_wconf 79' lang='lat' dir='ltr'>acolythatum</span> 
     </span>
     <span class='ocr_line' id='line_1_28' title="bbox 228 3757 1350 3842; baseline 0.001 -20"><span class='ocrx_word' id='word_1_229' title='bbox 228 3779 290 3823; x_wconf 91' lang='lat' dir='ltr'>nec</span> <span class='ocrx_word' id='word_1_230' title='bbox 322 3757 533 3824; x_wconf 85' lang='lat' dir='ltr'>lectoratum.</span> <span class='ocrx_word' id='word_1_231' title='bbox 560 3795 606 3806; x_wconf 91' lang='grc'><strong>-</strong></span> <span class='ocrx_word' id='word_1_232' title='bbox 635 3759 666 3822; x_wconf 87' lang='lat' dir='ltr'>l.</span> <span class='ocrx_word' id='word_1_233' title='bbox 699 3757 765 3822; x_wconf 90' lang='lat' dir='ltr'>Pro</span> <span class='ocrx_word' id='word_1_234' title='bbox 796 3757 1012 3842; x_wconf 74' lang='lat' dir='ltr'>acolythatu,</span> <span class='ocrx_word' id='word_1_235' title='bbox 1044 3764 1178 3822; x_wconf 90' lang='lat' dir='ltr'>constat</span> <span class='ocrx_word' id='word_1_236' title='bbox 1205 3757 1350 3824; x_wconf 92' lang='lat' dir='ltr'>decretis</span> 
     </span>
     <span class='ocr_line' id='line_1_29' title="bbox 228 3869 1347 3960; baseline 0 -23"><span class='ocrx_word' id='word_1_237' title='bbox 228 3869 337 3937; x_wconf 90' lang='lat' dir='ltr'>Siricii</span> <span class='ocrx_word' id='word_1_238' title='bbox 362 3877 396 3935; x_wconf 90' lang='lat' dir='ltr'>et</span> <span class='ocrx_word' id='word_1_239' title='bbox 415 3869 557 3950; x_wconf 85' lang='lat' dir='ltr'>Zozimi,</span> <span class='ocrx_word' id='word_1_240' title='bbox 580 3876 614 3936; x_wconf 89' lang='lat' dir='ltr'>et</span> <span class='ocrx_word' id='word_1_241' title='bbox 637 3869 740 3936; x_wconf 90' lang='lat' dir='ltr'>etiam</span> <span class='ocrx_word' id='word_1_242' title='bbox 764 3869 900 3936; x_wconf 92' lang='lat' dir='ltr'>concilii</span> <span class='ocrx_word' id='word_1_243' title='bbox 918 3869 1123 3952; x_wconf 87' lang='lat' dir='ltr'>Tridentini,</span> <span class='ocrx_word' id='word_1_244' title='bbox 1144 3871 1252 3959; x_wconf 93' lang='lat' dir='ltr'>quod,</span> <span class='ocrx_word' id='word_1_245' title='bbox 1274 3895 1347 3960; x_wconf 92' lang='lat' dir='ltr'>cap.</span> 
     </span>
     <span class='ocr_line' id='line_1_30' title="bbox 227 3981 1351 4073; baseline 0 -23"><span class='ocrx_word' id='word_1_246' title='bbox 227 3983 395 4068; x_wconf 82' lang='lat' dir='ltr'>Minores,</span> <span class='ocrx_word' id='word_1_247' title='bbox 418 3983 475 4067; x_wconf 90' lang='lat' dir='ltr'>ll,</span> <span class='ocrx_word' id='word_1_248' title='bbox 497 4007 582 4050; x_wconf 88' lang='lat' dir='ltr'>sess.</span> <span class='ocrx_word' id='word_1_249' title='bbox 604 3982 732 4067; x_wconf 89' lang='grc' dir='ltr'>ΧΧΙΙΙ,</span> <span class='ocrx_word' id='word_1_250' title='bbox 759 3983 811 4048; x_wconf 82' lang='lat' dir='ltr'>Du</span> <span class='ocrx_word' id='word_1_251' title='bbox 835 4003 920 4065; x_wconf 70' lang='lat' dir='ltr'>num,</span> <span class='ocrx_word' id='word_1_252' title='bbox 937 3981 1036 4072; x_wconf 91' lang='lat' dir='ltr'>jubet</span> <span class='ocrx_word' id='word_1_253' title='bbox 1058 3991 1097 4049; x_wconf 89' lang='lat' dir='ltr'>ut</span> <span class='ocrx_word' id='word_1_254' title='bbox 1120 4007 1188 4049; x_wconf 92' lang='lat' dir='ltr'>uon</span> <span class='ocrx_word' id='word_1_255' title='bbox 1212 3985 1351 4073; x_wconf 91' lang='lat' dir='ltr'>recipia-</span> 
     </span>
     <span class='ocr_line' id='line_1_31' title="bbox 228 4097 1351 4186; baseline 0.001 -23"><span class='ocrx_word' id='word_1_256' title='bbox 228 4105 284 4164; x_wconf 89' lang='lat' dir='ltr'>tur</span> <span class='ocrx_word' id='word_1_257' title='bbox 307 4098 389 4163; x_wconf 93' lang='lat' dir='ltr'>ordo</span> <span class='ocrx_word' id='word_1_258' title='bbox 414 4120 509 4164; x_wconf 89' lang='lat' dir='ltr'>sacer</span> <span class='ocrx_word' id='word_1_259' title='bbox 532 4125 548 4159; x_wconf 90' lang='lat'>«</span> <span class='ocrx_word' id='word_1_260' title='bbox 576 4097 643 4163; x_wconf 93' lang='lat' dir='ltr'>nisi</span> <span class='ocrx_word' id='word_1_261' title='bbox 665 4105 743 4186; x_wconf 89' lang='lat' dir='ltr'>post</span> <span class='ocrx_word' id='word_1_262' title='bbox 766 4119 894 4163; x_wconf 91' lang='lat' dir='ltr'>annum</span> <span class='ocrx_word' id='word_1_263' title='bbox 918 4120 938 4161; x_wconf 92' lang='lat' dir='ltr'>a</span> <span class='ocrx_word' id='word_1_264' title='bbox 960 4098 1167 4184; x_wconf 83' lang='lat' dir='ltr'>susceptione</span> <span class='ocrx_word' id='word_1_265' title='bbox 1185 4099 1351 4184; x_wconf 88' lang='lat' dir='ltr'>postremi</span> 
     </span>
    </p>
   </div>
   <div class='ocr_carea' id='block_1_5' title="bbox 261 4287 636 4349">
    <p class='ocr_par' dir='ltr' id='par_1_7' title="bbox 261 4287 636 4349">
     <span class='ocr_line' id='line_1_32' title="bbox 261 4287 636 4349; baseline -0.005 -11"><span class='ocrx_word' id='word_1_266' title='bbox 261 4287 270 4322; x_wconf 87' lang='lat'>¹</span> <span class='ocrx_word' id='word_1_267' title='bbox 289 4288 388 4349; x_wconf 73' lang='lat' dir='ltr'>blansi,</span> <span class='ocrx_word' id='word_1_268' title='bbox 405 4290 425 4338; x_wconf 88' lang='lat' dir='ltr'>t.</span> <span class='ocrx_word' id='word_1_269' title='bbox 441 4303 499 4349; x_wconf 77' lang='lat' dir='ltr'>xiv,</span> <span class='ocrx_word' id='word_1_270' title='bbox 514 4287 566 4338; x_wconf 87' lang='lat' dir='ltr'>col.</span> <span class='ocrx_word' id='word_1_271' title='bbox 582 4291 636 4338; x_wconf 78' lang='grc'>988.</span> 
     </span>
    </p>
   </div>
   <div class='ocr_carea' id='block_1_6' title="bbox 0 0 1673 5052">
    <p class='ocr_par' dir='ltr' id='par_1_8' title="bbox 0 0 1673 5052">
     <span class='ocr_line' id='line_1_33' title="bbox 0 0 1673 5052; baseline 0 0"><span class='ocrx_word' id='word_1_272' title='bbox 0 0 1673 5052; x_wconf 95' lang='lat' dir='ltr'> </span> 
     </span>
    </p>
   </div>
  </div>
 </body>
</html>
