3248 5052
334 445 384 498 588
670 453 713 504 DE
733 453 863 504 lllTlllUS
882 453 1119 504 onulxtxloxls

332 591 442 674 corde,
465 593 560 658 etita
580 595 624 660 sit
644 619 734 675 vere,
756 604 795 662 ut
814 597 861 660 ait
880 599 915 664 S.
938 597 1064 662 Paulus
1084 597 1117 685 (l
1137 597 1231 678 Cor.,
1253 621 1299 678 lv,
1317 599 1372 688 l),
1396 601 1457 664 mi-

334 707 439 770 nister
463 707 609 790 Christi,
636 719 667 773 et
692 712 903 795 dispensator
930 713 1172 798 mysteriorum
1192 714 1265 778 Dei.
1292 753 1336 762 -
1359 714 1457 780 Cete-

332 843 425 904 rum,
457 823 536 889 lieet
562 825 742 912 episcopus
779 833 877 913 putet
904 826 981 891 huic
1005 825 1180 892 Catharini
1208 829 1358 916 opinioni
1388 851 1456 893 uon

333 934 451 1002 deesse
480 947 609 1004 certum
634 939 884 1028 probabilitatis
910 939 1070 1026 gradum,
1097 965 1164 1006 non
1193 951 1306 1030 potest
1329 966 1368 1008 ea
1392 944 1454 1022 uti,

333 1051 422 1136 quia,
451 1060 488 1116 ut
518 1075 619 1140 supra
648 1054 776 1120 dictum
801 1063 853 1120 est
884 1055 931 1142 (n.
963 1055 1057 1140 294,
1089 1057 1133 1144 l),
1160 1056 1317 1122 illicitum
1341 1065 1393 1122 est
1421 1058 1457 1120 iu

332 1167 553 1232 sacramentis
572 1169 622 1232 uti
637 1169 796 1256 opinione
811 1168 997 1258 probabili,
1021 1171 1138 1236 relicta
1158 1171 1293 1236 tutiore.

377 1279 412 1342 3⁰
428 1281 523 1346 llanc
538 1281 762 1348 intentionem
778 1285 958 1372 episcopus
971 1283 1071 1350 debet
1091 1284 1270 1351 extendere
1285 1286 1329 1349 ad
1344 1307 1456 1349 omncs

332 1393 420 1456 cirea
442 1416 527 1480 quos
555 1396 642 1460 ritus
666 1398 891 1462 ordinationis
913 1399 1065 1484 perficit,
1093 1399 1139 1463 ita
1167 1405 1204 1463 ut
1227 1397 1278 1461 illi
1297 1397 1391 1462 nelas
1411 1397 1456 1461 sit

332 1505 462 1574 dicero:
486 1509 574 1573 Nolo
594 1513 752 1576 ordinare
772 1513 994 1598 irregulares,
1017 1521 1225 1596 censuratos,
1247 1513 1369 1576 aliosve
1391 1514 1454 1576 im-

328 1622 472 1705 peditos.
495 1609 704 1690 -'Tenetur
719 1625 857 1713 quidem
875 1627 1072 1715 episcopus,
1094 1637 1170 1690 ante
1194 1627 1451 1702 ordinationem,

331 1758 467 1800 omnem
483 1737 692 1824 diligentiam
704 1741 875 1824 adhibere,
892 1767 952 1830 per
967 1766 1002 1807 se
1013 1743 1067 1806 vel
1083 1764 1142 1830 per
1155 1741 1250 1822 alios,
1267 1749 1304 1806 ut
1318 1741 1452 1806 omnino

332 1850 555 1918 excludantur
583 1853 625 1918 ab
650 1856 861 1922 ordinatione
887 1858 1106 1944 irregulares,
1137 1856 1325 1934 censurati,
1351 1855 1452 1940 impe-

332 1964 405 2044 diti,
428 1965 528 2031 aliive
547 1967 688 2056 indigni,
711 1971 802 2059 quod
822 1971 950 2036 clarum
971 1979 1039 2050 est,
1062 1971 1134 2052 sed,
1157 1971 1262 2035 semel
1282 1993 1320 2035 ac
1340 1969 1452 2033 candi-

331 2078 401 2144 dati
435 2080 575 2146 admissi
596 2093 689 2186 'sunt
717 2086 758 2150 ad
792 2086 1060 2164 ordinationem,
1096 2107 1237 2172 eamque
1269 2090 1452 2172 praesentes

331 2203 452 2279 petunt
472 2203 505 2260 et
524 2207 720 2284 expectant,
743 2208 800 2264 aut
824 2201 953 2286 potius,
976 2199 1082 2263 semel
1106 2223 1144 2264 ac
1168 2199 1347 2286 episcopus
1367 2197 1451 2261 cirea

331 2331 388 2408 cos
409 2309 494 2374 ritus
513 2313 736 2378 ordinationis
755 2315 902 2402 perlicit,
931 2336 999 2378 non
1022 2321 1135 2401 potest
1155 2313 1264 2378 ullum
1283 2337 1302 2378 a
1325 2335 1384 2378 sua
1403 2312 1450 2374 in-

331 2423 483 2488 tentione
505 2425 698 2506 excludere,
734 2427 813 2494 licet
839 2427 1075 2514 irregularem,
1107 2435 1339 2509 censuratum,
1369 2425 1451 2490 indi-

330 2559 449 2620 gnum,
468 2547 533 2606 etc.
555 2579 598 2590 -
617 2542 717 2606 Ratio
737 2542 926 2608 desumitur
941 2565 981 2607 ex
1001 2543 1212 2629 gravissimis
1230 2541 1452 2606 incommodis

331 2659 364 2715 et
393 2653 492 2716 malis
523 2677 563 2717 ex
596 2656 656 2720 tali
689 2657 884 2721 exclusione
913 2657 1062 2722 orituris.
1093 2655 1129 2721 si
1155 2655 1244 2720 enim
1275 2657 1452 2742 episeopus

330 2766 492 2830 ordinans
512 2769 566 2832 vel
586 2768 719 2856 publice
736 2771 790 2835 vel
809 2771 940 2836 interne
960 2771 1051 2835 dicat
1068 2789 1075 2836 :
1093 2771 1181 2836 Nolo
1197 2769 1355 2834 ordinare
1371 2771 1452 2832 irre-

328 2881 482 2965 gulares,
505 2893 713 2967 censuratos,
736 2892 816 2966 etc,
838 2885 1005 2973 prolecto,
1027 2885 1057 2948 si
1079 2885 1136 2972 qui
1160 2885 1229 2948 sint
1252 2883 1339 2947 inter
1363 2882 1451 2946 ordi-

331 2995 460 3060 nandos
481 2997 701 3083 irregulares,
719 3000 905 3080 censurati,
927 3007 1007 3079 etc.,
1025 2999 1178 3063 ordinem
1194 3020 1262 3062 nou
1275 2995 1448 3083 recipient.

330 3107 421 3186 Quot
441 3119 553 3174 autern
578 3113 667 3177 mala
697 3114 774 3177 inde
795 3113 892 3201 sequi
916 3121 993 3177 nata
1024 3113 1108 3192 sint,
1132 3135 1232 3176 nemo
1256 3133 1324 3175 non
1344 3110 1449 3174 videt.

330 3221 395 3302 Qui
415 3233 494 3289 sunt
510 3225 712 3312 irregulares
732 3229 820 3291 bona
839 3227 917 3312 fide,
940 3227 974 3290 in
994 3226 1112 3291 ordine
1132 3225 1270 3290 nulliter
1294 3231 1452 3312 suscepto

330 3338 587 3418 ministrabunt,
617 3341 755 3406 nulliter
790 3341 949 3429 pleraque
977 3347 1188 3405 sacramenta
1221 3338 1450 3416 conterente53

330 3451 479 3538 quisunt
498 3454 700 3540 irregulares
720 3464 779 3520 aut
798 3455 968 3520 censurati
989 3455 1078 3519 mala
1092 3456 1176 3540 side,
1198 3453 1285 3518 sicut
1304 3475 1373 3517 non
1393 3452 1453 3516 de-

328 3573 495 3631 terrentur
511 3567 552 3632 ab
572 3570 782 3633 ordinatione
802 3568 1027 3656 suscipienda,
1043 3568 1091 3633 sic
1110 3591 1178 3632 non
1193 3566 1453 3633 deterrebuntur

328 3680 370 3745 ab
389 3682 563 3746 ordinibus
583 3684 796 3766 exercendis,
821 3685 856 3748 in
875 3705 1038 3769 magnum
1059 3682 1302 3747 detrimentum
1325 3683 1452 3745 anima-

327 3815 421 3874 rum:
445 3797 501 3884 qui
518 3805 630 3862 eutem
650 3807 730 3864 sunt
749 3799 849 3863 dubie
869 3797 1081 3884 irregulares,
1105 3795 1284 3876 censurati,
1306 3795 1450 3882 indigni,

327 3910 434 3996 quid'?
461 3911 530 3990 Sic,
551 3935 591 3976 ex
620 3913 681 3976 tali
713 3913 901 3977 intentione
930 3911 1080 3999 episcopi
1108 3909 1309 3989 ordinantis,
1336 3908 1453 3973 nullus

327 4023 390 4086 erit
411 4025 497 4104 linis,
522 4026 593 4088 sive
613 4049 673 4112 pro
692 4026 914 4112 presbyteris,
938 4026 1010 4089 sive
1034 4047 1095 4111 pro
1119 4021 1293 4102 lidelibus,
1319 4022 1454 4088 timori-

326 4135 401 4216 bus,
424 4138 663 4220 anxietatibus,
686 4139 866 4227 scrupulis,
885 4147 918 4204 et
933 4147 1003 4204 tota
1027 4137 1243 4203 subvertetur
1263 4137 1452 4201 oeconomia

326 4250 551 4316 institutionis
580 4253 722 4332 Christi,
755 4254 812 4340 qui
840 4252 916 4316 idco
938 4252 1042 4340 jussit
1070 4249 1224 4316 ordinem
1249 4251 1355 4336 (sicut
1384 4249 1452 4316 alia
