3300 5056
354 496 404 552 196
619 497 663 548 ΒΕ
682 495 820 548 amians
839 495 953 546 ΒΑΜ
971 495 1208 546 onnt’tmortts

351 640 494 722 Denique
509 641 659 700 insertum
675 647 722 698 est
737 638 945 699 decretalibus
959 637 1120 716 Gregorii,
1133 659 1203 718 cap.
1219 635 1257 698 Si
1269 637 1358 720 an'a,
1382 643 1413 708 l,
1431 639 1480 698 Da

350 767 535 808 raesarmo
549 767 606 806 sos
621 766 790 814 annuero,
802 744 925 804 omissis
937 751 1040 802 tamen
1052 743 1170 803 ultimis
1183 743 1287 802 verbis
1300 760 1307 801 :
1323 751 1354 802 et
1368 764 1480 803 omnes

349 871 428 934 quoa
445 850 540 933 prius
564 849 749 932 baptizavit.
778 849 860 908 llinc
875 851 952 928 jore
972 847 1148 924 communi,
1172 849 1204 908 in
1226 847 1366 928 Corpore
1385 847 1479 908 Jurir

348 963 515 1030 contento,
528 957 554 1016 si
569 956 639 1037 quis
650 953 811 1036 presbyter
823 953 1028 1034 deprehendit
1040 975 1072 1013 se
1086 974 1147 1014 non
1161 953 1257 1013 luisse
1272 953 1475 1034 baptizatum,

350 1071 475 1123 tenetur
489 1063 618 1122 omnino
632 1061 769 1142 recipere
784 1061 823 1120 de
839 1081 922 1119 noro
935 1060 1124 1141 baptismum
1139 1067 1171 1120 et
1183 1060 1424 1120 ordinationem.

388 1169 421 1230 3⁰
437 1167 531 1228 Initio
544 1167 648 1226 saeculi
665 1187 731 1240 xrrr,
749 1174 882 1238 uastatur
895 1166 1096 1226 Innocentius
1111 1165 1157 1224 lll
1172 1166 1255 1246 (cap.
1275 1164 1425 1232 Veniens,
1444 1166 1474 1235 3,

350 1276 396 1335 Da
417 1293 603 1334 raaserraao
625 1293 681 1332 sos
706 1275 882 1348 aarrrzaro)
904 1272 1109 1352 quaestionem
1135 1269 1353 1340 theoreticam,
1380 1291 1474 1350 quam

348 1379 530 1440 doctoribus
549 1379 615 1460 ipse
633 1379 832 1438 commiserat
851 1398 956 1437 coram
971 1399 1004 1436 se
1019 1377 1255 1459 disputandam,
1272 1377 1367 1436 luisse
1382 1377 1474 1436 valde

347 1493 594 1545 controversam.
614 1482 676 1543 Alii
696 1483 777 1542 enirn
799 1482 959 1554 dicebant,
982 1509 996 1536 «ι
1016 1503 1088 1542 curn
1108 1482 1281 1563 baptismus
1297 1482 1338 1541 sit
1353 1481 1474 1562 sunda-

347 1597 487 1652 mentum
502 1588 643 1648 omnium
659 1595 944 1664 sacramentorum,
964 1615 978 1642 »
994 1595 1066 1647 ante
1082 1588 1309 1669 susceptionem
1325 1587 1471 1668 baptismi

347 1718 409 1758 non
429 1715 519 1778 posse
538 1693 639 1754 valide
661 1693 757 1774 recipi
776 1693 940 1775 quodlibet
959 1701 1203 1760 sacramentum,
1224 1713 1326 1773 neque
1341 1692 1471 1772 proinde

346 1801 591 1876 ordinationem,
610 1824 624 1854 n
642 1799 807 1879 quoniam,
824 1798 876 1858 ubi
893 1798 1131 1858 fundamentum
1148 1806 1284 1872 nonest,
1303 1797 1470 1878 superedi-

345 1907 430 1968 ficari
446 1927 508 1966 non
529 1913 643 1986 potest.
664 1931 678 1960 n
696 1939 732 1950 -
749 1903 810 1963 Alii
826 1925 901 1964 vero
916 1902 1063 1963 dicebant
1077 1903 1171 1964 etiam
1191 1924 1208 1963 a
1229 1923 1291 1962 non
1308 1903 1469 1984 baptizatis

345 2012 438 2094 recipi
465 2032 555 2092 posse
578 2009 681 2070 valide
708 2009 952 2082 ordinationem,
978 2009 1135 2090 praecipue
1162 2015 1291 2090 propter
1313 2016 1466 2088 quatuor:

347 2123 374 2180 l.
392 2118 461 2177 Non
475 2123 596 2176 tantum
611 2136 666 2196 per
681 2123 908 2174 sacramentum
919 2115 1008 2188 fidei,
1021 2114 1074 2174 sed
1089 2115 1182 2174 etiam
1194 2135 1250 2194 per
1264 2113 1356 2172 fidem
1369 2133 1469 2173 sacra·

344 2221 457 2296 menti,
479 2221 614 2280 efficitur
632 2221 703 2300 quis
720 2219 892 2280 membrum
913 2219 1046 2294 Christi,
1065 2227 1096 2278 et
1116 2219 1246 2300 proinde
1263 2218 1404 2300 possidet
1418 2240 1469 2278 ve-

344 2347 412 2387 rum
434 2325 688 2399 fundamentum,
711 2325 887 2399 Christum,
904 2345 998 2406 super
1016 2345 1079 2406 quo
1099 2325 1208 2406 utique
1228 2325 1467 2406 superaedificari

343 2441 475 2514 possunt
495 2439 526 2492 et
549 2432 630 2490 bona
649 2452 759 2512 opera,
781 2439 813 2490 et
831 2431 1039 2490 ecclesiastica
1059 2439 1267 2504 sacramenta;
1287 2466 1328 2476 -
1347 2435 1377 2492 2.
1400 2432 1467 2491 Non

343 2543 392 2599 est
414 2536 602 2618 generaliter
621 2557 745 2611 verum,
770 2537 959 2618 baptismum
980 2557 1047 2596 esse
1067 2536 1306 2596 fundamentum
1330 2538 1467 2596 omnium

344 2651 625 2715 sacramentorum,
647 2663 717 2702 cum
740 2663 756 2700 a
776 2663 838 2702 non
858 2642 1020 2723 baptizatis
1044 2643 1139 2723 recipi
1164 2641 1286 2723 possint
1310 2643 1468 2702 matrimo-

345 2749 429 2810 nium
450 2756 481 2809 ct
501 2747 703 2820 eucharistia3
720 2782 758 2792 —
773 2749 803 2808 3.
823 2727 1057 2808 Sacramentum
1078 2747 1196 2808 ordinis
1216 2769 1253 2807 ex
1272 2748 1468 2808 institutione

344 2875 398 2916 sua
414 2853 573 2936 praecessit
587 2853 793 2934 baptismnm;
810 2889 848 2898 -
863 2853 892 2912 l.
910 2853 941 2911 Si
957 2853 1103 2933 quianon
1119 2853 1292 2934 baptizatus
1309 2875 1468 2914 consecra·

345 2967 430 3020 retur
450 2959 481 3018 in
499 2958 697 3038 episcopum,
714 2983 727 3011 α
745 2965 877 3017 eruntne
892 2957 1091 3018 reordinandi
1107 2979 1215 3018 omncs
1230 2960 1283 3040 qui
1300 2959 1389 3020 abeo
1405 2961 1468 3020 lue-

344 3064 406 3124 rint
421 3063 577 3125 ordinati?
593 3063 632 3122 Et
647 3083 743 3142 quum
757 3061 795 3121 de
811 3061 953 3143 pluribus
969 3064 1122 3146 episcopis
1135 3064 1301 3140 nesciatur,
1317 3087 1355 3126 an
1371 3067 1467 3126 renati

346 3169 462 3230 luerint
475 3189 556 3249 aqua
573 3167 783 3248 baptismatis,
801 3189 896 3248 quum
918 3169 978 3228 boc
994 3189 1051 3228 nec
1066 3169 1124 3250 ipsi
1140 3170 1391 3244 reminiscantur,
1413 3193 1469 3232 nec

345 3273 412 3348 alii,
435 3273 596 3334 dubitatur
615 3273 711 3352 igitur
726 3293 765 3334 an
785 3273 862 3333 tales
878 3273 939 3332 sint
958 3275 1112 3334 veraciter
1130 3274 1161 3334 in
1181 3277 1345 3358 episcopos
1364 3299 1469 3341 conse·

345 3381 441 3450 crati;
465 3379 547 3440 unde
569 3387 647 3460 quot
669 3387 700 3440 ct
722 3386 838 3460 quanta
861 3387 1032 3462 sequantur
1053 3401 1115 3440 non
1138 3381 1238 3441 solum
1261 3382 1393 3456 absona,
1417 3383 1469 3444 sed

346 3485 494 3558 absurda,
516 3485 672 3545 silendum
698 3493 746 3545 est
767 3485 872 3566 potius
895 3505 989 3566 quam
1012 3485 1213 3548 dicendum¹.
1239 3513 1254 3542 »
1275 3522 1316 3534 -
1340 3489 1385 3549 Ex
1409 3511 1469 3569 qua

346 3589 556 3672 expositione,
571 3589 732 3650 videretur
746 3589 850 3650 lorsau
866 3591 1065 3651 Innocentius
1075 3592 1173 3672 magis
1189 3592 1283 3654 luisse
1299 3615 1471 3677 propensus

347 3769 417 3820 enim
433 3769 601 3832 Augustinus
620 3783 636 3816 a
651 3767 796 3832 Gregorio,
814 3769 852 3816 sic
866 3768 1027 3818 Theodorus
1041 3785 1057 3820 a
1073 3771 1208 3820 vitaliano
1221 3773 1319 3821 missus
1338 3773 1427 3822 suerat
1444 3773 1470 3821 in

347 3847 480 3910 Angliam.
496 3873 527 3884 -
542 3845 572 3895 ln
587 3847 706 3895 editione
728 3847 848 3894 Romano
867 3847 970 3898 decreti
988 3849 1123 3908 Gratiani,
1144 3855 1278 3908 an.158²‚
1300 3853 1472 3900 correctores

349 3924 691 3988 Romani,supprcsserunt
712 3925 770 3973 hoec
788 3925 894 3974 verba:
916 3947 928 3972 n
948 3927 981 3975 Et
1000 3941 1174 3990 omnesquae
1192 3929 1267 3990 prius
1285 3931 1471 3992 baptizavit,-

349 4008 379 4054 ut
393 4005 445 4068 ipsi
459 4005 554 4052 dicunt
568 4003 595 4051 in
610 4002 795 4053 denotatione
810 4005 944 4067 apposita.

381 4083 390 4118 ¹
410 4083 468 4132 lloc
483 4085 610 4146 quartum
625 4085 815 4142 argumentum
830 4083 922 4133 omisit
937 4083 964 4131 S.
979 4083 1156 4147 Raymundus
1170 4085 1198 4132 in
1208 4085 1255 4134 cit.
1271 4100 1329 4148 cap.
1346 4086 1473 4144 Veniena‚·

349 4163 410 4212 vida
428 4165 533 4212 textum
553 4161 687 4222 integrum
707 4161 807 4222 capitis
826 4162 869 4210 vel
889 4163 915 4210 in
932 4163 1051 4225 Corpore
1067 4163 1157 4220 luris,
1177 4163 1219 4212 ed.
1237 4163 1395 4227 Friedberg,
1412 4167 1473 4216 eod.

350 4255 409 4304 cap.
430 4239 557 4296 verriana,
572 4238 614 4286 vel
634 4239 705 4300 apud
723 4238 826 4300 Migne,
849 4239 999 4290 innocentii
1019 4239 1116 4304 Epist,
1132 4241 1179 4290 lib.
1201 4240 1251 4300 lX,
1267 4243 1347 4304 epist.
1364 4259 1416 4303 ur,
1431 4241 1474 4292 Ad

351 4317 553 4370 Ferrarisnsem
567 4315 735 4382 episcopum,
751 4317 781 4366 Ρ.
798 4317 837 4376 t,
854 4321 874 4366 t.
890 4333 966 4376 ccxv,
982 4319 1034 4368 col.
1048 4323 1168 4368 tet-866.
