3248 5052
349 491 401 544 602
687 495 730 544 DE
749 494 879 544 ltl'l'lltL'S
899 493 1135 544 onnlntrtun'ts

348 637 516 702 nullitetis
544 637 783 718 ordinationis,
812 637 863 700 hae
892 643 973 703 sunt
1000 635 1188 702 defensoris
1215 643 1345 723 partes,
1370 635 1472 722 juxta

348 759 527 839 utramque
546 751 685 816 citatam
701 751 875 818 Benedicti
893 751 969 816 XIV
986 749 1113 816 bullam
1132 769 1139 816 :
1160 753 1190 815 t.
1209 749 1334 815 Munus
1350 747 1470 828 habet,

349 865 473 930 emisso
497 865 708 952 juramento,
735 889 818 930 voce
844 873 879 932 et
904 865 1040 953 seriptis
1067 864 1288 930 ordinationis
1314 864 1474 928 validita-

348 985 418 1044 tem
438 981 571 1059 tuendi,
594 1003 699 1069 eaque
718 981 832 1044 omnia
857 979 1045 1045 deducendi
1065 1003 1140 1069 quae
1159 977 1202 1044 ad
1221 979 1472 1043 ordinationem

349 1093 583 1159 sustinendam
612 1095 800 1160 necessaria
829 1093 1000 1172 censebit‚;
1032 1133 1075 1142 -
1103 1095 1135 1158 2.
1167 1093 1272 1158 Citari
1300 1091 1400 1158 debet
1429 1091 1473 1156 ad

349 1213 484 1273 omnem
510 1215 622 1273 aetum
650 1207 822 1294 judicialis
848 1229 1050 1296 processus;
1079 1247 1122 1256 —
1149 1209 1181 1274 3.
1209 1207 1341 1272 Adesse
1371 1205 1473 1271 debet

349 1321 495 1386 examini
525 1321 687 1401 testium3
721 1359 762 1370 -
795 1322 827 1386 l.
862 1323 902 1388 Ei
932 1323 1173 1388 communicari
1203 1319 1329 1386 debent
1358 1321 1473 1384 omnia

347 1456 486 1522 prorsus
517 1433 720 1500 documenta
754 1443 787 1500 et
821 1445 896 1502 acta
921 1436 1057 1523 judieii,
1090 1443 1128 1501 ut
1160 1436 1239 1501 inde
1268 1435 1472 1500 concinnare

349 1547 461 1614 valeat
480 1571 559 1614 suas
584 1549 632 1613 sio
656 1548 764 1613 dietas
788 1551 1116 1632 animadversiones,·
1135 1589 1178 1598 -
1203 1553 1234 1616 5.
1258 1550 1421 1626 Demum,
1443 1547 1472 1611 si

348 1661 417 1728 lata
437 1661 537 1728 tuerit
556 1663 724 1729 sententia
740 1672 858 1729 eontra
873 1663 1084 1730 validitatem
1100 1663 1339 1739 ordinationis,
1357 1661 1473 1750 appel-

347 1777 510 1842 lationem
529 1777 743 1865 interponere
763 1777 864 1844 debet
882 1779 924 1844 ad
944 1779 1151 1867 superiorem
1168 1779 1318 1866 judicem
1338 1799 1472 1864 compo-

347 1895 507 1956 tentem¹.

344 2008 348 2017 '
392 2008 428 2074 3⁰
446 2008 495 2072 De
518 2011 682 2074 sententia
708 2019 740 2073 et
765 2011 999 2096 appellatione.
1022 2047 1065 2058 -
1092 2013 1121 2076 l.
1149 2009 1184 2074 Si
1209 2009 1376 2074 sententia
1402 2007 1471 2072 lata

348 2122 393 2186 sit
415 2144 477 2210 pro
501 2122 676 2189 validitate
701 2123 942 2206 ordinationiS,
970 2131 1004 2188 et
1030 2123 1173 2189 clericus
1200 2131 1293 2188 actor
1317 2145 1386 2188 non
1410 2147 1471 2210 ap-

346 2235 468 2324 pellet,
491 2259 591 2303 causa
611 2239 706 2304 finita
726 2247 799 2318 est3
822 2241 865 2288 -’
885 2240 917 2304 2.
940 2239 977 2304 Si
1000 2237 1168 2304 sententia
1191 2237 1260 2302 lata
1285 2237 1329 2301 sit
1354 2245 1472 2302 contra

348 2349 557 2416 validitatem
579 2353 817 2434 ordinationis,
840 2353 1009 2434 defensor,
1032 2353 1081 2418 uti
1108 2351 1237 2416 dictum
1261 2359 1330 2432 est,
1352 2351 1471 2438 appel-

347 2463 417 2528 lare
442 2463 562 2544 debet;
590 2467 619 2530 si
643 2490 742 2533 causa
770 2467 805 2531 in
830 2468 939 2555 prima
963 2465 1125 2532 instantia
1149 2466 1298 2552 agitetur
1321 2467 1355 2529 in
1380 2465 1471 2530 curia

347 2578 547 2666 episcopali,
576 2581 840 2668 appellationem
868 2581 1054 2668 interponit
1080 2582 1123 2645 ad
1149 2579 1469 2667 metropolitanum,

348 2693 376 2756 si
397 2715 476 2758 vero
497 2716 596 2758 eausa
617 2696 765 2780 agitetur
785 2697 820 2760 in
844 2697 935 2762 ouria
960 2694 1239 2782 metropolitana,
1261 2693 1410 2782 appellat
1429 2693 1472 2758 ad

349 2803 470 2870 Sedem
490 2809 727 2895 apostolicam,
745 2810 905 2874 nimirum
925 2811 967 2875 ad
987 2809 1293 2896 Congregationem
1314 2807 1471 2884 Consilii,

348 2919 404 2984 vel
427 2920 469 2985 ad
494 2921 802 3010 Congregationem
826 2925 862 2992 S.
890 2925 1020 3002 Officii;
1043 2961 1085 2974 -
1110 2923 1142 2988 3.
1170 2921 1315 2988 Prolatis
1338 2921 1473 2987 duabus

349 3036 528 3100 sententiis
562 3037 792 3104 conformibus
830 3047 947 3106 eontra
979 3038 1192 3104 validitatem
1230 3037 1471 3116 ordinationis,

348 3147 434 3214 liber
454 3157 506 3215 est
525 3149 668 3217 clericus
688 3161 794 3234 actor,
818 3154 883 3224 nisi
902 3161 1017 3218 tamen
1037 3159 1190 3240 tempore
1215 3150 1328 3216 debito
1354 3151 1472 3238 appel-

347 3263 395 3327 let
414 3263 572 3330 defensor
591 3266 633 3331 ad
653 3266 998 3354 superinstribuna13
1020 3307 1063 3316 —
1083 3267 1114 3332 l.
1139 3267 1177 3332 ln
1197 3265 1304 3352 gradu
1323 3264 1474 3352 appella-

347 3377 467 3457 tionis,
498 3379 598 3466 juxta
628 3391 806 3471 utramque
840 3381 970 3446 bullam
1003 3380 1275 3460 Benedictinam,
1309 3380 1475 3444 constitui

348 3491 450 3556 etiam
469 3493 570 3558 debet
589 3495 746 3560 defensor
766 3495 1004 3576 ordinationis,
1027 3495 1085 3583 qui
1104 3495 1222 3560 eadem
1241 3493 1355 3558 munia
1376 3516 1476 3582 pera-

347 3612 423 3690 gat,
445 3630 519 3695 quae
539 3609 574 3674 in
593 3610 702 3697 prima
721 3609 896 3676 instantia.

392 3837 488 3905 316.
508 3877 552 3886 —
572 3841 679 3907 Usus
700 3839 739 3907 S.
761 3839 1087 3927 congregationis
1107 3837 1288 3907 Consilii.

394 3949 428 4012 1⁰
447 3951 491 4017 Ut
503 3951 575 4039 jam
591 3953 719 4017 dietum
740 3961 809 4035 est,
827 3953 860 4018 S.
880 3953 1106 4040 Congregatio
1126 3975 1260 4039 semper
1280 3950 1421 4017 adhibet
1440 3953 1476 4017 in

346 4063 399 4129 his
410 4066 520 4130 oansis
539 4068 751 4152 defensorem
762 4091 804 4132 ex
819 4067 946 4148 officim
962 4067 1030 4131 imo
1042 4065 1210 4131 hichabet
1229 4065 1346 4130 sedern
1366 4065 1477 4132 stabi—

378 4229 386 4262 ¹
406 4229 483 4278 Bulla
504 4231 553 4279 Dei
575 4230 761 4288 miseratione,
783 4235 795 4290 ς
814 4237 869 4289 6-8,
892 4231 939 4280 loc.
960 4230 1016 4288 cit,
1038 4246 1063 4294 p.
1085 4235 1145 4288 tm,
1166 4257 1197 4266 -
1219 4229 1292 4278 bulla
1314 4229 1344 4277 Si
1364 4229 1474 4280 datam.

346 4312 358 4366 5
373 4307 427 4355 Sub
443 4309 535 4356 eadent
549 4325 641 4372 prena,
660 4310 708 4356 loe.
723 4311 779 4368 cit,
796 4325 822 4372 p.
839 4315 877 4357 33,
