3294 5054
473 471 516 520 DE
536 469 762 522 crematione
781 471 999 522 Reuctanlnn
1246 468 1294 520 tol

221 613 315 682 168.
332 651 375 662 —
395 613 614 700 Privilegia
633 613 890 702 Regulerium
914 615 1046 701 quoad
1069 615 1296 683 interstitia.

222 732 256 792 1ο
275 727 366 792 Ante
386 727 567 792 concilium
583 726 690 806 Trid.,
705 725 820 815 plures
836 726 982 792 Ordines
1001 729 1174 814 regulares
1192 729 1298 817 privi-

175 843 264 929 legio
299 839 499 906 fruebantur
524 841 708 928 recipiendi
735 841 870 906 ordines
898 863 963 906 non
989 843 1129 906 seruans
1149 845 1298 907 intersti-

177 953 243 1018 tiis.
263 950 366 1030 Quod
390 953 607 1040 privilegium
634 953 744 1018 adhuc
770 954 869 1019 hodie
896 977 1093 1042 permanere
1121 956 1202 1027 mihi
1226 978 1299 1044 per-

176 1089 316 1132 suasum
331 1074 397 1148 est,
412 1088 454 1130 ex
466 1067 624 1155 opinione
639 1064 858 1154 probabiliori
872 1068 944 1156 jam
959 1091 1060 1156 supra
1076 1067 1125 1154 (n.
1143 1069 1237 1152 165,
1254 1069 1298 1157 1⁰)

177 1179 340 1268 exposita.
369 1179 462 1245 Idem
485 1182 576 1245 enim
600 1180 781 1246 dicendum
801 1187 853 1246 est
877 1181 919 1246 de
944 1181 1121 1270 privilegio
1147 1206 1213 1247 non
1232 1205 1299 1247 aer-

177 1294 278 1358 vandi
292 1295 484 1378 interstitia,
496 1295 587 1382 quod
602 1293 643 1359 de
655 1293 833 1382 privilegio
849 1294 1032 1382 recipiendi
1048 1295 1184 1360 ordines
1204 1305 1300 1360 caetra

179 1415 342 1493 tempora.
365 1407 438 1473 Hoc
458 1408 549 1472 enim
568 1408 784 1496 privilegium
810 1407 898 1497 (non
921 1407 1079 1474 servandi
1099 1409 1302 1498 interstitia)

178 1520 331 1587 nonfuit
353 1529 550 1587 revocatum
574 1522 609 1586 in
633 1521 768 1587 concilii
791 1521 882 1588 Trid.
910 1521 1054 1586 decretis
1078 1522 1298 1610 specialibus,

178 1657 300 1724 nempe
327 1635 383 1700 cit.
407 1633 574 1724 capitibus
595 1635 651 1716 ll,
677 1635 734 1718 13,
764 1635 821 1717 ll,
844 1658 919 1723 quae
939 1635 1049 1723 legem
1074 1643 1241 1702 renovant
1260 1635 1302 1701 de

178 1749 390 1831 interstitiis;
408 1749 480 1814 hoee
495 1749 585 1814 enim
606 1750 716 1837 capita
737 1771 804 1813 non
820 1755 1009 1814 memorant
1023 1750 1204 1836 privilepia
1224 1773 1303 1814 con-

178 1861 314 1944 traria¹‚
337 1870 371 1928 et
396 1862 537 1950 proinde
564 1885 604 1927 ea
631 1885 698 1928 non
725 1862 906 1950 abrogant3
931 1863 1014 1930 item
1033 1885 1101 1927 non
1121 1862 1186 1928 fuit
1205 1886 1301 1928 revo-

179 1984 294 2042 catum
326 1977 362 2042 in
387 1999 460 2065 oap.
485 1977 565 2042 Hac
585 1979 714 2061 omnia,
737 1977 797 2058 22,
819 1999 904 2042 sess.
932 1977 1036 2058 XXV,
1060 1977 1111 2042 Dn
1132 1997 1303 2044 anonumu-

179 2111 255 2170 nus3
276 2113 357 2158 nam
385 2091 420 2155 in
446 2090 509 2156 hac
534 2097 630 2180 parte
657 2090 819 2156 sessionis
845 2089 938 2155 XXV
958 2091 1092 2156 nullum
1119 2092 1304 2178 vestigium

180 2205 347 2292 reperitur
365 2204 407 2270 de
429 2205 604 2270 servandis
632 2204 840 2285 interstitiis3
872 2205 961 2269 unde
987 2226 1050 2269 nec
1076 2204 1140 2270 luit
1165 2228 1304 2270 revoca-

180 2325 254 2383 tum
273 2318 308 2381 in
328 2317 381 2382 Pii
405 2316 451 2382 lV
471 2317 562 2382 bulla
587 2319 628 2382 In
647 2318 829 2404 principie,
852 2324 886 2382 et
908 2317 1050 2406 proinde
1075 2317 1185 2382 adhue
1205 2317 1305 2383 hodie

182 2438 309 2496 manet.
331 2469 376 2480 -—
401 2431 472 2496 Nec
492 2431 606 2497 obstat
629 2431 792 2496 resolutio
813 2430 847 2496 S.
871 2429 995 2518 Congr.
1019 2430 1140 2512 Cone,
1162 2430 1204 2495 24
1224 2455 1302 2520 aug.

183 2545 270 2611 1686
280 2547 303 2625 ¹,
330 2542 390 2609 ubi
414 2545 580 2610 rationem
605 2545 728 2610 habere
753 2545 887 2609 videtur
914 2544 1020 2609 solius
1043 2544 1212 2632 privilegii
1228 2554 1307 2631 poet

189 2659 427 2724 Tridentinum
450 2658 620 2738 concessi,
647 2681 725 2723 nam
745 2681 807 2722 nec
827 2657 977 2723 excludit
1000 2658 1146 2747 positive
1170 2657 1307 2746 privile—

184 2773 239 2860 gia
262 2781 339 2837 ante
367 2773 548 2838 concilium
572 2795 749 2852 concessa,
776 2795 838 2838 nec
862 2795 929 2836 uno
953 2772 1059 2837 verbo
1078 2777 1209 2836 tantam
1229 2795 1307 2837 con·

183 2887 384 2952 troversiam
405 2887 561 2952 dirimere
586 2885 743 2952 intendit.

230 3001 266 3064 2⁰
294 3000 377 3066 Post
403 3023 499 3066 conc.
528 3000 636 3082 Trid,
662 2999 801 3088 quidam
828 2999 973 3066 Ordines
999 2999 1172 3086 regulares
1204 2999 1308 3087 impe-

185 3121 319 3180 trarunt
339 3114 463 3179 similia
477 3113 677 3202 privilegia;
700 3135 734 3178 v.
756 3136 805 3200 g.,
831 3113 984 3179 Societas
1002 3113 1101 3192 lesu,
1119 3135 1161 3176 ex
1180 3111 1308 3199 Grego-

186 3228 226 3292 rii
253 3227 334 3292 Xlll
359 3227 453 3292 brevi
481 3250 583 3314 supra
609 3225 659 3314 (n.
691 3225 789 3312 166,
815 3225 864 3314 2⁰)
890 3225 996 3290 relato
1024 3225 1125 3290 Pium
1156 3233 1187 3288 et
1213 3225 1304 3288 utile.

187 3341 307 3422 Quoad
321 3339 718 3419 communicabilitatem,
735 3338 980 3405 attendendum
1000 3347 1053 3403 est
1066 3337 1109 3403 ad
1122 3338 1305 3403 clausulas

234 3570 329 3640 169.
348 3607 392 3622 ·-
410 3567 634 3638 Prohibitio
656 3568 876 3655 reeipiendi
894 3567 1031 3636 eodem
1050 3565 1115 3635 die
1130 3567 1231 3634 duos
1250 3585 1310 3635 sa·

187 3704 276 3755 oros
295 3685 524 3753 ordines-
544 3684 624 3748 Haec
639 3681 834 3771 prohibitio,
850 3703 924 3769 quae
945 3680 1058 3768 aliquo
1074 3680 1174 3744 modo
1194 3678 1310 3744 relerri

186 3807 301 3889 potest
321 3798 363 3864 ad
382 3798 597 3886 disciplinam
616 3796 658 3862 de
680 3796 888 3876 interstitiis,
917 3795 1054 3882 respicit
1074 3793 1176 3859 etiam
1198 3793 1310 3879 Regu-

187 3915 288 3992 lares,
319 3935 361 3977 ex
394 3912 468 3999 ipso
493 3919 591 3976 textu
623 3932 718 3975 conc.
748 3909 855 3989 Trid,
890 3931 963 3996 cap.
1000 3907 1222 3988 Sulrdiaconi,
1250 3907 1307 3987 13,

221 4117 227 4150 ¹
253 4115 400 4165 llovocatio
423 4114 638 4178 privilegiorum,
658 4113 684 4160 in
707 4110 760 4159 sme
780 4125 839 4172 cap.
860 4125 923 4168 xm,
945 4110 1061 4158 relertur
1074 4109 1108 4157 ad
1126 4109 1205 4157 aliam
1225 4109 1310 4170 legem

188 4209 285 4259 nempe
301 4209 354 4244 non
370 4191 519 4257 recipiendi
533 4191 601 4240 dnos
614 4205 706 4240 sacros
721 4188 832 4238 ordines
846 4188 939 4238 eodem
954 4187 1006 4236 die.

220 4275 231 4308 ²
248 4273 329 4336 Apud
344 4272 520 4321 Benedictum
536 4269 609 4327 le,
626 4268 662 4317 De
676 4267 794 4332 rynolo,
811 4268 859 4316 lib.
876 4266 926 4324 IX,
942 4282 965 4315 c.
982 4281 1039 4324 xvi,
1054 4281 1079 4314 n.
1096 4271 1118 4312 6.

284 4385 364 4419 mena
379 4383 498 4420 onorata.
1152 4361 1186 4413 26
