3316 5052
436 503 479 553 DE
498 499 761 562 PRAEREQUISITIS
780 500 824 550 Ab
844 498 1096 550 osuiusrlousu
1276 499 1339 552 335·

199 645 318 704 siarum
335 643 518 704 necessitate
534 649 589 703 aut
604 642 754 712 utilitate,
771 640 968 714 ordinarent,
985 641 1179 722 disciplinam
1199 642 1327 702 Triden-

203 749 302 808 tinam
318 749 350 807 in
368 749 548 808 memoriam
564 753 767 818 revocarunt,
785 753 851 805 tum
870 746 1144 820 lnnocentius'Xl,
1162 768 1217 828 per
1231 745 1328 807 Litte-

202 873 256 912 ras
275 851 456 933 encyclicas
476 853 506 912 S.
530 852 645 930 Congr.
670 851 781 924 Conc,
804 823 932 910 lamini
955 851 1064 946 1679’,
1088 859 1153 910 tum
1176 851 1328 912 lnnocen-

201 957 266 1016 tius
280 957 356 1030 Xll,
373 958 405 1016 in
420 965 520 1017 const.
538 955 774 1037 Speculatores,
791 953 810 1012 4
825 973 899 1014 nov.
919 954 1005 1028 1694,
1023 959 1038 1030 ᾗ
1055 955 1104 1015 1².

243 1065 277 1122 7⁰
298 1061 408 1129 Quoad
429 1061 621 1142 Requlares,
646 1061 698 1141 qui
720 1060 850 1140 passim,
873 1080 890 1119 a
913 1058 1054 1140 pluribus
1076 1061 1214 1134 saeculis,
1236 1061 1330 1121 sacris

200 1165 366 1226 ordinibus
381 1165 555 1240 initiantur,
572 1165 655 1244 leges
671 1165 844 1237 canonicae,
862 1163 991 1224 relative
1007 1165 1045 1224 ad
1065 1165 1191 1224 modum
1207 1173 1329 1225 susten-

203 1270 347 1344 tationis,
365 1270 442 1330 nibil
460 1271 593 1350 speciale
609 1264 736 1330 habent.
756 1269 865 1342 lnitio,
882 1269 920 1329 ad
937 1289 1077 1330 normam
1093 1271 1221 1330 canonis
1237 1269 1330 1330 Chal-

200 1373 389 1434 cedonensis
408 1379 536 1455 (supra,
558 1395 588 1434 n.
612 1373 717 1455 131),
739 1395 795 1454 pro
813 1373 943 1453 singulis
964 1374 1175 1446 monasteriis,
1196 1395 1330 1454 quorum

204 1478 349 1538 monachi
365 1479 508 1539 solebant
521 1499 587 1538 esse
603 1479 688 1550 laici,
709 1477 912 1538 ordinabatur
927 1479 1100 1559 presbyter,
1117 1478 1171 1560 qui
1187 1479 1228 1538 ibi
1245 1500 1331 1540 sacra

202 1583 321 1642 laceret
335 1583 387 1660 (ad
402 1583 500 1644 instar
515 1583 657 1643 hodierni
672 1582 824 1664 capellani
844 1583 874 1640 in
895 1583 1103 1642 conventibus
1123 1584 1328 1660 monialium).

204 1687 318 1748 Postea
333 1695 453 1762 autem,
468 1687 593 1768 quidam
610 1709 647 1747 ex
663 1688 738 1768 ipsis
752 1686 914 1746 monachis
928 1687 1090 1747 ordinibus
1105 1688 1200 1748 sacris
1217 1687 1330 1748 initiati
1378 1745 1381 1752 .

200 1791 314 1867 sunt³;
329 1793 393 1852 imo
406 1792 572 1852 concilium
586 1791 763 1852 Viennense
779 1791 836 1851 hac
848 1791 886 1850 de
902 1813 934 1850 re
950 1791 1109 1852 decretum
1121 1793 1237 1853 edidit:
1255 1793 1330 1853 «Ad

203 1897 439 1978 ampliationem
455 1905 558 1956 autem
574 1897 678 1956 cultus
693 1897 806 1968 divini,
823 1897 988 1956 statuimus
1004 1898 1086 1978 quod
1103 1897 1248 1958 monachi
1264 1899 1331 1980 qui-

203 2000 296 2073 libet,
320 2001 359 2060 ad
380 2001 585 2061 monitionem
607 2000 743 2072 abbatis,
766 2021 798 2061 se
816 2001 939 2080 saciant
957 2000 1000 2061 ad
1018 2021 1125 2062 emises
1140 2001 1267 2064 ordines
1282 2023 1331 2064 sa-

199 2127 284 2180 cros,
297 2106 497 2166 excusatione
506 2113 646 2166 cessante
658 2105 806 2184 legitima,
812 2105 1082 2187 promoveri(cap.
1095 2107 1145 2167 Ne
1156 2107 1286 2190 inapro,
1301 2115 1328 2182 l,

205 2209 252 2268 Ds
271 2231 365 2271 srsru
384 2231 603 2284 nosscuoauu,
621 2210 802 2290 Clamant).
826 2235 841 2266 s
862 2210 942 2270 Cum
963 2218 1066 2270 autem
1083 2212 1242 2284 monachi,
1260 2233 1331 2294 pro-

203 2321 275 2396 pter
303 2315 528 2395 professionem
557 2314 744 2388 solemnem,
769 2335 839 2396 quaa
868 2315 950 2374 inter
972 2315 1055 2396 ipsos
1080 2323 1112 2376 et
1134 2316 1329 2396 Religionem

201 2417 419 2479 indissolubile
437 2419 594 2479 vinculum
610 2419 744 2494 inducit,
757 2419 795 2479 de
808 2420 932 2500 propria
947 2421 1173 2481 sustentatione
1189 2423 1329 2503 usquein

203 2523 298 2584 finem
314 2524 387 2584 vitae
403 2525 502 2583 securi
523 2531 641 2598 essent,
659 2524 736 2584 nihil
757 2545 893 2605 unquam
909 2533 1059 2604 cavepunt
1074 2525 1207 2587 Romani
1223 2527 1329 2587 Ponti-

203 2627 278 2687 fices
292 2635 346 2686 aut
361 2627 492 2688 concilia
508 2629 546 2687 de
563 2628 791 2688 sustentatione
806 2627 1008 2707 Regularium
1024 2629 1062 2688 ad
1080 2629 1205 2690 ordines
1226 2651 1329 2691 sacros

203 2732 502 2813 promovendorum.
525 2732 657 2806 Verum,
678 2754 749 2793 cum
771 2734 890 2814 inipso
911 2740 982 2792 actu
1005 2733 1211 2794 ordinationis
1232 2737 1329 2816 quaeri

201 2843 342 2916 coeptum
365 2845 413 2896 est
434 2836 473 2896 de
497 2837 588 2897 titulo
608 2837 800 2917 singulorum
822 2837 1065 2897 ordinandorum
1078 2838 1101 2912 ⁴,
1118 2839 1264 2899 inventus
1283 2849 1329 2900 est

204 2961 261 3021 pro
294 2940 502 3020 Regularibus
537 2940 648 3000 titulus
677 2940 888 3023 professionis
917 2941 1092 3024 religiosae,
1123 2951 1178 3002 aut
1206 2944 1327 3024 potius,

203 3045 282 3106 mira
304 3045 527 3106 vocabulorum
550 3046 771 3120 associatione,
796 3045 908 3105 titulus
922 3046 1134 3127 paupertatis.
1154 3083 1195 3092 -
1213 3048 1329 3109 Sedulo

201 3157 308 3210 autem
331 3151 414 3210 cavit
436 3149 510 3209 Pius
528 3149 568 3220 V,
590 3157 689 3210 const.
717 3151 878 3210 Romanus
901 3149 1051 3231 Pontifex
1076 3171 1255 3228 sacrorum,
1279 3152 1329 3212 die

206 3253 243 3312 14
260 3262 322 3314 oct.
341 3255 416 3314 1568
427 3255 449 3327 ⁵,
472 3261 507 3313 ut
526 3253 582 3313 soli
599 3253 769 3334 Regulares
784 3253 925 3334 professi
939 3253 977 3312 ad
998 3253 1081 3314 hunc
1097 3255 1223 3315 titulum
1243 3256 1328 3316 ordi-

203 3366 365 3430 narentur,
383 3365 417 3418 ut
431 3358 511 3418 inlra
527 3359 649 3418 dicetur
661 3379 728 3438 cap.
746 3379 786 3417 rx.

237 3561 345 3624 ¹Apud
369 3561 546 3610 Benedictum
566 3559 852 3618 xtV,1mt.,xxw,
876 3574 902 3608 n.
926 3566 954 3620 ’.η
982 3561 1038 3618 vel,
1063 3562 1089 3608 in
1107 3564 1232 3622 extenso,
1255 3565 1328 3626 apud

205 3639 328 3700 Riganti,
344 3639 376 3688 ln
392 3639 516 3702 rapulam
530 3641 560 3686 21
577 3639 670 3696 Cane,
688 3643 700 3696 5
719 3643 746 3696 5,
768 3653 794 3685 n.
818 3643 877 3696 ios,
899 3637 1017 3685 Coloniae
1037 3639 1230 3704 Allobrogum,
1255 3647 1327 3700 1151,

202 3720 225 3765 t.
248 3732 279 3774 u,
298 3731 325 3780 p.
341 3721 396 3766 tia.

237 3795 248 3828 ¹
266 3795 338 3845 Bult.
354 3795 439 3853 Rom„
455 3799 475 3844 t.
489 3811 528 3846 rx.
544 3809 571 3858 p.
586 3799 639 3844 art.

237 3873 247 3907 ³
264 3873 303 3922 Cl.
323 3873 425 3936 Lupus,
444 3874 493 3922 loc.
510 3872 565 3931 eit,
582 3889 608 3936 p.
626 3878 718 3922 75-76.

237 3953 248 3986 1
266 3951 335 4000 Vide
353 3951 511 4014 Pontificate
526 3953 688 4009 Romanum,
705 3951 743 4000 De
758 3951 931 4000 ordinatione
946 3949 1120 4012 subdiaconi,
1136 3953 1224 4002 initio.

236 4033 249 4065 ³
266 4031 338 4079 Bull.
354 4031 440 4088 llum,
456 4035 476 4079 t.
493 4046 528 4085 iv,
544 4033 614 4094 part.
628 4036 655 4088 ³,
672 4045 699 4093 p.
715 4033 810 4078 ie-tr.
