3248 5052
654 426 855 476 DOCUIIEN'IA
1265 424 1315 476 6I5

232 572 365 630 Demum
382 591 398 630 a
419 577 533 630 sanetae
554 570 710 630 memoriae
731 569 959 650 praedecessore
975 590 1101 650 quoque
1117 569 1233 628 Nostro
1249 567 1317 627 Cle·

192 674 294 726 mente
315 687 394 747 papa
413 667 507 738 V111,
524 666 562 726 ad
584 666 762 746 hujusmodi
788 666 1018 726 controversias
1042 672 1194 746 perpetuo
1218 665 1318 724 extin-

192 763 342 842 guendas,
355 783 489 844 sequens
499 762 659 822 decretum
671 762 789 825 editum
803 762 879 822 suit:
897 763 941 822 De
958 760 1106 821 mandato
1118 759 1320 822 Sanctissimi

192 857 323 919 Domini
340 858 452 918 Nostri
467 857 638 919 Clementis
655 857 764 918 divina
778 857 981 918 Providentia
995 878 1088 939 papae
1109 855 1197 934 VIII,
1214 864 1319 917 tenore

187 953 1321 1038 praesentium,mandaturomnibusetsinputisquorumcumqueRepu-

194 1050 312 1112 Iarium
328 1049 562 1131 superioribus,
584 1057 617 1110 ut
634 1050 672 1110 de
687 1058 789 1111 cetero
803 1050 965 1111 observent
981 1057 1010 1110 et
1025 1049 1187 1110 observari
1199 1048 1321 1129 saciant

193 1169 228 1208 ea
248 1169 318 1230 quse
342 1147 374 1207 in
395 1146 518 1208 decreto
538 1147 644 1208 Sacrae
664 1146 929 1230 Conprepationis
951 1145 1088 1209 Concitii
1106 1145 1318 1222 eontinentur,

193 1243 287 1325 cujus
312 1250 400 1304 tenor
421 1251 467 1304 est
490 1243 588 1304 tatis:
610 1243 822 1326 Conprepatio
844 1243 981 1304 Concitii
1003 1242 1124 1302 censuit
1143 1241 1321 1322 superiores

194 1340 358 1423 reputares
369 1361 462 1421 posse
477 1359 533 1400 suo
548 1339 676 1399 subdito
692 1339 803 1400 itidem
818 1339 965 1422 reputari
977 1339 1035 1422 qui
1045 1338 1202 1420 praeditus
1219 1337 1322 1421 quali-

195 1435 313 1496 tatibus
330 1435 493 1518 requisitis
509 1435 637 1496 ordines
652 1435 811 1516 suscipere
831 1435 980 1512 uoluerit,
999 1435 1108 1496 literas
1123 1433 1323 1494 dimissorias

195 1531 379 1609 concedere,
411 1531 454 1592 ad
484 1531 665 1613 episcopum
700 1539 802 1592 tamen
833 1531 1061 1608 dioeeesenum,
1093 1551 1203 1610 nempe
1232 1529 1321 1590 iltius

196 1627 383 1690 monasterii
402 1627 434 1688 in
455 1628 548 1709 cujus
567 1627 695 1708 [omitia
714 1627 756 1688 ab
776 1628 815 1688 iis
836 1627 878 1688 ad
891 1649 970 1710 quos
979 1625 1135 1709 pertinet,
1151 1625 1322 1708 deputaris

193 1725 317 1806 positus
329 1724 444 1805 suerit,
457 1731 487 1784 et
501 1723 530 1784 si
539 1723 735 1784 dioecesanus
747 1723 889 1806 abfuerit
908 1725 956 1784 vet
976 1745 1037 1784 non
1057 1730 1136 1784 esset
1153 1721 1322 1783 habiturus

195 1819 422 1898 ordinationes,
441 1819 484 1880 ad
498 1841 729 1903 quemcumque
744 1820 844 1882 atium
859 1819 1051 1902 episcopum,
1069 1819 1146 1879 dum
1162 1817 1322 1879 tamenab

195 1938 229 1978 eo
252 1917 410 1999 episcope,
433 1916 492 1998 qui
510 1915 636 1976 ordines
657 1916 841 1993 contulerit,
863 1917 1061 1977 examinetur
1081 1915 1187 1998 quoad
1205 1913 1322 1975 doctri-

196 2035 280 2090 nam,
296 2019 325 2072 et
340 2012 416 2072 dum
430 2012 493 2092 ipsi
506 2011 680 2094 Reputa'res
696 2035 757 2072 non
772 2012 958 2072 distulerint
973 2011 1011 2072 de
1027 2011 1186 2072 industria
1200 2031 1321 2072 conces-

194 2109 313 2170 sionem
329 2107 601 2186 dimissoriarum,
620 2109 652 2168 in
669 2108 703 2168 id
718 2117 855 2190 tempus,
873 2130 934 2191 quo
950 2108 1113 2190 episcopus
1127 2107 1321 2168 dioecesanus

195 2207 244 2266 uei
262 2203 449 2286 abfuturus,
471 2205 521 2265 vet
540 2205 646 2266 nutias
666 2213 745 2266 esset
765 2205 934 2266 babituros
953 2204 1179 2266 ordinationes.
1207 2203 1321 2264 Verum

195 2323 267 2361 cum
288 2323 307 2362 a
329 2301 549 2382 superioribus
571 2301 790 2384 reputaribus,
812 2301 957 2383 episeopo
977 2301 1153 2362 dioecesano
1175 2299 1319 2374 absente,

194 2397 243 2457 vel
258 2396 473 2458 ordinationes
487 2418 549 2458 non
562 2397 706 2474 habente,
724 2397 824 2458 literae
839 2396 1028 2458 dimissoriae
1041 2396 1214 2473 dabuntur,
1228 2395 1261 2455 in
1277 2395 1321 2456 eis

196 2492 305 2575 utique
320 2493 507 2575 hujusmodi
519 2515 646 2554 eausam
660 2493 811 2554 absentias
824 2493 995 2555 dioecesani
1008 2492 1158 2573 episcopi,
1175 2492 1222 2553 uel
1237 2491 1322 2552 ordi-

195 2588 359 2650 nationum
375 2588 416 2650 nb
429 2611 463 2650 eo
480 2611 541 2650 non
556 2588 791 2667 habendarum,
809 2589 1050 2672 exprimendam
1066 2611 1142 2650 esse.
1161 2587 1251 2662 Quod
1265 2587 1322 2670 qui

194 2707 256 2746 non
273 2685 425 2765 fecerint,
443 2685 547 2767 officii
561 2693 591 2746 et
606 2684 790 2766 dipnitatis,
808 2707 860 2746 seu
881 2685 1170 2746 administrationis
1185 2706 1221 2745 ac
1239 2683 1321 2744 uocis

193 2781 302 2842 actiooe
315 2789 344 2841 et
351 2781 485 2863 passivae
496 2781 688 2862 privationis
699 2782 827 2843 aeetias
838 2781 974 2842 arbitrio
986 2781 1181 2842 sanctissimi
1191 2779 1322 2840 ,Domini

194 2876 295 2936 nostri
308 2897 403 2958 papa
418 2885 592 2938 reservatas
608 2898 721 2958 poenas
741 2877 916 2938 incurrant.
933 2877 970 2938 In
983 2899 1119 2960 quorum
1133 2877 1245 2959 fidem,
1261 2884 1318 2937 ete.

194 2973 309 3033 Datum
325 2971 430 3032 Borbee
443 2972 495 3034 die
513 2975 548 3032 15
564 2973 680 3034 mensis
696 2973 806 3034 martii
823 2975 909 3034 1596.

235 3069 302 3128 Hoc
318 3077 461 3129 emanato
482 3070 643 3149 pontificio
663 3070 805 3147 decreto,
823 3077 916 3150 atque
937 3077 999 3129 tam
1020 3071 1111 3130 claris
1127 3069 1231 3128 verbis
1246 3089 1321 3128 con-

192 3171 294 3245 cepto,
309 3163 380 3246 jure
396 3166 584 3246 sperandum
600 3166 765 3226 videbatur
780 3167 874 3246 hujus
889 3167 1010 3245 generis
1025 3167 1095 3226 lites
1110 3187 1172 3224 non
1188 3164 1320 3244 amplius

192 3261 333 3320 auditum
358 3261 414 3333 iri;
441 3261 493 3320 sed
520 3269 627 3321 contra
653 3262 781 3334 accidit,
808 3262 882 3321 duni
911 3284 948 3321 ex
976 3284 1035 3322 unu
1064 3271 1151 3342 parte
1178 3260 1319 3320 nonnulli

192 3357 330 3436 episcopi
353 3357 433 3416 ultra
461 3365 583 3416 montes
610 3359 772 3417 constit-uti
797 3359 985 3418 contendere
1008 3365 1186 3438 coeperuut,
1213 3377 1318 3416 neces-

190 3453 286 3512 sarIas
311 3473 376 3512 esse
403 3453 608 3531 IIegularibus
628 3453 819 3514 dimissorias
841 3455 934 3514 etiam
955 3453 1191 3514 Ordinariorum
1212 3473 1319 3512 eorum

191 3549 334 3627 originIS‚
356 3569 418 3628 quo
438 3557 565 3628 possent
583 3550 622 3608 ab
646 3551 800 3630 episeopis
824 3551 955 3610 aliorum
980 3551 1118 3610 Iocorum
1147 3549 1184 3608 ad
1215 3569 1318 3609 sacros

192 3643 316 3704 ordines
340 3645 539 3723 promoveri;
564 3667 600 3704 ex
628 3647 723 3706 altera
749 3667 824 3705 vero
849 3646 1034 3725 RegulareS,
1059 3645 1264 3705 obtendentes
1288 3644 1319 3702 iu

192 3740 322 3820 praeiato
336 3740 504 3800 Clementis
516 3741 591 3799 VIII
608 3741 733 3801 decreto
749 3742 932 3820 derogatum
950 3747 1011 3800 n'on
1028 3741 1121 3800 fuisse
1137 3740 1318 3820 apostolicis

191 3835 362 3916 privilegiis
378 3857 447 3917 quae
463 3857 571 3896 eorum
586 3837 758 3896 Ordinibus
769 3838 835 3896 sive
851 3837 979 3920 directe,
996 3837 1061 3896 sive
1078 3857 1132 3915 per
1147 3836 1318 3895 communi·

191 3931 345 3992 cntionem
362 3932 481 3992 indulta
493 3933 631 4004 suerent,
648 3941 682 3992 ut
697 3934 816 3993 scilicet
827 3956 843 3993 a
854 3953 1053 4015 quocumque
1068 3932 1222 3992 catholico
1237 3933 1318 3990 anti-

191 4029 263 4088 stite
285 4029 421 4088 ordinari
444 4037 586 4108 possent,
608 4029 788 4109 hujusmodi
810 4031 927 4090 decreti
950 4031 1012 4087 vim
1035 4039 1066 4089 et
1088 4028 1317 4088 observantiam

191 4123 347 4184 declinare
362 4145 394 4183 se
410 4146 500 4204 posse
516 4133 676 4204 putarunt.

235 4219 350 4280 Verum
367 4219 451 4300 quod
467 4221 580 4279 attinet
594 4220 632 4280 ad
648 4221 828 4302 episcopos,
851 4222 916 4301 ipsa
937 4222 1146 4301 Congregutio
1168 4219 1315 4293 ConciIii,
