3316 5052
444 487 489 536 DE
507 487 771 548 PRAEREQUlSlTlS
789 491 833 540 An
853 493 1106 546 onolnnrloumr
1285 495 1334 547 351

213 631 289 711 Qua
320 630 483 696 facultate
516 631 693 719 potiuntur
723 633 825 699 etiam
863 637 1013 726 episcopi
1043 638 1275 722 CanadenseS,
1303 643 1338 706 vi

212 747 368 812 formulae
391 747 434 827 T,
456 769 491 811 n.
513 745 571 826 2¹3
593 747 674 811 item
699 749 849 838 episcopi
872 751 1024 838 Angliae,
1051 753 1187 836 Scotiae,
1216 755 1339 822 Hiber-

212 864 294 944 niae,
330 869 394 928 etc.
417 900 461 910 -
484 861 546 928 lus
576 863 697 949 vigens
724 865 812 930 circa
844 865 934 930 hunc
963 868 1101 946 titulum
1134 869 1203 934 fere
1227 873 1336 935 totum

212 978 403 1044 desumitur
430 999 473 1042 cx
499 977 571 1064 ipsa
602 977 746 1042 formula
778 979 912 1044 Indulti
939 988 973 1046 et
1004 1005 1045 1046 ex
1068 983 1264 1070 juramento
1295 986 1338 1050 ad

212 1092 305 1182 quod
330 1093 566 1178 astringuntur
597 1091 786 1159 ordinandi.
812 1094 875 1160 Jus
897 1101 1013 1160 autem
1043 1097 1128 1162 illud
1157 1098 1340 1184 diligenter

213 1207 422 1272 declaratum
449 1206 560 1271 estin
587 1205 621 1272 S.
648 1205 773 1292 Congr.
809 1209 851 1273 de
875 1209 976 1296 Prop.
1005 1210 1086 1276 Fide
1110 1213 1338 1278 Instructione

213 1321 253 1384 de
278 1321 378 1386 titulo
401 1319 437 1386 S.
466 1320 713 1404 ordinationis,
736 1321 778 1387 27
808 1345 879 1409 apr.
908 1322 1030 1388 18712.
1055 1361 1100 1374 -
1124 1325 1338 1412 Praecipuum

213 1435 414 1524 requisitum
446 1441 486 1499 ut
521 1433 664 1500 clericus
692 1435 735 1499 ad
769 1435 859 1500 hunc
892 1437 1031 1502 titulum
1062 1438 1249 1520 ordinetur,
1285 1447 1339 1505 est

206 1552 451 1637 juramentum
487 1549 531 1614 ab
569 1550 640 1634 ipso
673 1551 929 1634 praestandum,
970 1551 1012 1616 de
1050 1525 1117 1641 ipro
1155 1552 1338 1618 dicendum

212 1672 275 1729 cst.

257 1777 294 1840 20
312 1779 554 1842 ,loramentum
573 1779 617 1842 ab
640 1777 830 1842 ordinando
845 1781 1083 1863 prestandum
1102 1802 1115 1846 .·

257 1893 301 1958 Α.
324 1893 488 1956 Formule
510 1893 716 1979 juramenti.
743 1929 788 1940 -
812 1891 859 1958 Ut
881 1899 1016 1958 constat
1041 1901 1159 1960 tenore
1186 1893 1337 1960 ludulto-

212 2029 288 2072 rum
327 2005 388 2093 (cf.
420 2006 477 2071 cit.
511 2005 693 2070 formulam
728 2006 771 2088 C,
803 2013 866 2071 art.
895 2005 972 2094 ll),
995 2013 1029 2072 et
1070 2031 1135 2072 usu
1167 2011 1337 2074 constanti

213 2119 248 2185 S.
267 2120 365 2186 Sedis
385 2119 443 2209 (cl.
465 2120 522 2184 cit.
545 2120 819 2214 Instructioncm,
841 2143 876 2185 n.
899 2118 950 2208 8),
973 2121 1132 2203 clericus,
1154 2129 1337 2212 antequam

212 2235 248 2298 in
274 2234 519 2299 subdiaconum
552 2233 743 2314 ordinetur,
776 2240 912 2298 tenetur
943 2236 1080 2300 omnino
1105 2236 1338 2324 juramentum

213 2349 385 2430 emittere,
408 2371 475 2436 quo
496 2347 662 2435 spondeat
681 2347 835 2412 missioni
855 2349 909 2412 cui
929 2349 1084 2414 addictus
1104 2358 1156 2416 est
1171 2351 1226 2416 vel
1245 2352 1338 2416 addi-

213 2470 324 2544 cetur,
347 2485 383 2528 se
403 2462 474 2528 iore
497 2470 696 2550 perpetuam
715 2485 852 2548 operam
876 2463 1048 2529 daturum.
1078 2463 1168 2546 lino,
1199 2471 1238 2530 ut
1261 2466 1347 2550 uni-¹

214 2578 366 2642 formitas
390 2577 454 2642 hac
483 2577 518 2641 in
545 2599 579 2641 rc
604 2582 770 2655 servetur,
797 2575 977 2641 formulam
1002 2585 1128 2643 certam
1154 2585 1255 2667 atque
1280 2579 1339 2643 de-

212 2691 430 2758 terminatam
457 2690 557 2778 hujus
588 2689 774 2776 juramenti
799 2689 951 2776 praecipit
979 2691 1015 2756 S.
1043 2691 1270 2780 Congregatio
1297 2693 1338 2758 de

215 2805 316 2893 Prop.
339 2805 456 2870 Fide&
476 2805 635 2869 Formula
650 2809 763 2868 autem
779 2803 850 2867 haeo
868 2806 966 2870 est⁴2

260 2947 275 2979 a
304 2919 377 3008 Ego
396 2919 454 3001 N.,
476 2919 568 2983 lilius
587 2919 654 2998 N.,
666 2915 822 2982 dioecesis
836 2917 892 2982 vel
908 2918 1088 2983 vicariatus
1108 2918 1165 3000 N.,
1188 2920 1339 3006 spondeo

214 3041 248 3100 et
263 3035 341 3122 juro
361 3033 464 3122 quod,
486 3039 666 3120 postquem
683 3031 726 3096 ad
745 3053 859 3096 sacros
879 3029 1014 3096 ordines
1033 3039 1209 3119 promotus
1229 3033 1336 3116 fuere,

214 3149 345 3214 nullam
369 3147 584 3234 religionem,
607 3146 804 3211 societatem
832 3152 892 3210 aut
915 3145 1214 3233 congregationem
1237 3171 1340 3236 regu-

213 3264 337 3344 larem,
360 3262 433 3326 sine
452 3259 591 3349 speciali
619 3259 715 3325 Sedis
739 3259 934 3347 apostolicae
955 3257 1091 3325 licentia
1115 3267 1173 3326 aut
1192 3261 1228 3329 S.
1251 3261 1338 3328 Con·

214 3377 422 3466 gregationis
437 3375 479 3440 de
495 3375 717 3462 Propaganda
733 3373 827 3454 Fide,
845 3373 1026 3459 ingrediar,
1044 3397 1153 3462 neque
1169 3375 1204 3439 in
1224 3399 1338 3442 earum

214 3493 328 3580 aliqua
346 3489 593 3579 professionem
613 3488 778 3554 emittam.

261 3633 277 3667 «
305 3606 421 3670 Voveo
440 3605 567 3694 pariter
586 3610 619 3668 et
634 3604 725 3690 juro,
747 3603 838 3690 quod
857 3603 892 3666 in
921 3603 983 3667 hac
1005 3603 1143 3668 dioecesi
1169 3611 1227 3670 aut
1250 3607 1338 3670 vica-

247 3833 257 3868 ¹
276 3831 406 3896 Konings,
424 3827 695 3880 Commentariorum
710 3827 857 3890 facultates
871 3827 1044 3892 apostolicae,
1059 3845 1086 3877 n.
1100 3835 1158 3886 119,
1175 3845 1200 3892 ρ.
1216 3834 1269 3878 126.

247 3913 258 3945 ²
277 3911 448 3960 collectanea
466 3910 492 3958 S.
510 3910 610 3972 Congr.
627 3907 660 3956 de
675 3908 755 3971 Prop.
773 3906 847 3964 Fide,
864 3923 889 3954 n.
906 3912 976 3964 1179,
992 3922 1019 3970 p.
1035 3911 1090 3956 101.
1106 3935 1135 3943 -
1151 3908 1243 3957 Habes
1257 3911 1339 3958 etiam

215 3989 285 4038 hanc
307 3987 520 4038 Instructioncm
541 3987 613 4050 apud
634 3987 702 4034 Acta
726 3987 751 4034 et
772 3985 881 4034 decreto
902 3984 1013 4034 concilii
1034 3986 1110 4050 plen.
1133 3986 1341 4036 Baltimorcnsir

215 4067 307 4126 tertii,
323 4083 350 4131 p.
366 4069 425 4126 201,
442 4065 610 4122 Bullinum,
624 4069 699 4120 1886,
713 4069 741 4112 et
755 4065 788 4112 ad
799 4065 900 4113 calcem
919 4064 999 4128 hujus
1014 4065 1168 4124 voluminis,
1187 4065 1338 4114 Documen-

216 4149 276 4197 tum
292 4145 342 4194 111.
804 4135 812 4162 ⁸

248 4227 259 4260 ²
275 4224 437 4281 Instructio,
453 4237 479 4272 n.
494 4227 517 4271 8.

247 4306 258 4338 ⁴
276 4303 369 4360 Qualis
383 4303 547 4352 describitur
561 4303 587 4348 in
600 4301 651 4348 sine
666 4301 746 4349 dictae
761 4299 777 4349 I
779 4299 965 4349 astructionis.
