3290 5060
369 499 418 554 1⁴8
632 503 676 552 DE
695 502 833 553 LEGIBUS
853 502 967 552 SACRAE
986 501 1224 552 ORDleTlONlS

364 647 438 735 ipsa
456 645 539 712 urbe
554 646 679 728 Romu,
697 645 760 711 sub
779 645 886 711 oculis
899 645 1088 711 Alexandri
1102 643 1182 726 Vll,
1197 653 1235 710 ut
1249 653 1364 711 narrat
1379 645 1487 711 dietus

365 759 536 827 Robertus
563 761 642 827 Sala
657 765 692 826 ¹:
719 783 821 849 quem
845 783 946 826 usum
966 767 1044 824 ante
1068 767 1103 824 et
1130 768 1209 849 post
1231 760 1414 826 concilium
1438 767 1486 825 te—

364 882 474 941 statur
488 875 592 941 etiam
606 875 773 957 MorinuS,
785 875 908 964 aliique
918 877 939 940 ⁸.
954 874 1078 940 -Nec
1092 873 1195 939 refert
1209 874 1300 962 quod
1315 873 1486 963 hucusque

364 988 457 1055 bulla
472 988 713 1056 Innocentiana
732 1013 801 1054 non
821 989 921 1055 fuerit
941 989 1079 1054 inventa
1094 989 1128 1053 in
1148 989 1295 1054 archivis
1310 989 1484 1066 Romanis,

363 1112 436 1170 tum
451 1105 531 1192 quia
545 1105 656 1192 potuit
675 1104 803 1169 destrui
822 1110 861 1168 ut
879 1103 945 1168 alia
965 1105 1072 1169 multa
1092 1103 1306 1186 documenta,
1320 1111 1394 1168 tum
1409 1103 1487 1192 quia

363 1241 431 1283 non
460 1226 541 1284 nota
569 1225 650 1284 sunt
678 1219 790 1283 omnia
820 1242 895 1307 quae
924 1218 1141 1283 continentur
1173 1217 1207 1282 in
1237 1218 1290 1283 his
1323 1218 1482 1298 archivis,

363 1340 436 1398 tum
460 1333 555 1422 quia,
583 1331 749 1420 quidquid
775 1332 892 1398 dieunt
920 1331 1075 1420 quidam,
1103 1354 1171 1396 non
1200 1331 1353 1398 funditus
1383 1333 1486 1398 intro-

363 1454 479 1534 specta
498 1453 578 1512 sunt
596 1452 732 1534 regesta
756 1445 946 1512 Innocentii
965 1444 1064 1526 Vlll;
1088 1453 1238 1511 ceterum
1257 1447 1321 1512 hoc
1340 1470 1408 1512 non
1435 1456 1485 1512 est

362 1560 428 1626 nisi
447 1568 687 1648 argumentum
703 1561 914 1648 negativum.

407 1675 445 1741 B.
479 1675 713 1740 Memorantur
746 1675 821 1740 alife
854 1674 983 1740 similes
1016 1676 1254 1741 concessiones
1286 1677 1482 1763 pontifioim,

361 1790 473 1878 quoad
497 1791 726 1854 diaconatum.
753 1789 809 1855 Sic
834 1789 943 1854 simile
967 1789 1184 1876 privilegium
1208 1791 1358 1877 praelatis
1383 1791 1484 1856 Fran-

361 1904 505 1970 ciscanis
533 1903 569 1968 in
596 1902 691 1968 lndia
719 1925 920 1968 concessum
946 1902 1051 1968 fuisse
1077 1913 1216 1970 narrant
1241 1904 1373 1992 plures,
1399 1929 1485 1993 quos

360 2016 486 2104 allegat
505 2018 629 2083 Berti³.
652 2017 708 2083 Sie
732 2017 834 2082 etiam
859 2017 906 2082 ait
927 2017 1079 2104 Engel‘:
1106 2045 1122 2077 u
1140 2018 1216 2105 lpse
1241 2019 1310 2083 scio
1330 2019 1485 2107 quaedam

361 2131 565 2195 monasteria
588 2131 716 2196 ordinis
741 2130 775 2196 S.
799 2131 972 2196 Benedicti
996 2131 1120 2197 similia
1141 2131 1351 2221 (privilegia,
1373 2136 1485 2223 quoad

360 2242 592 2333 diaconatum)
614 2243 737 2310 habere
747 2251 768 2311 ⁵.
789 2273 805 2306 »

405 2358 443 2424 C.
467 2359 529 2422 His
549 2381 629 2444 ergo
648 2359 780 2447 positis,
803 2361 902 2426 valde
922 2361 1058 2428 difficile
1078 2368 1131 2427 est
1150 2384 1274 2449 negare
1289 2361 1347 2449 jus
1367 2362 1485 2427 Ponti-

360 2472 432 2538 ficis
456 2472 601 2538 Romani
627 2473 861 2539 committendi
887 2475 1033 2564 simplici
1057 2474 1255 2564 presbytero
1280 2482 1486 2564 potestatem

360 2585 555 2653 conserendi
587 2587 815 2654 diaconatum.
849 2587 928 2655 Sola
956 2591 1096 2678 quidem
1123 2591 1276 2679 inspecta
1304 2590 1485 2655 traditione

359 2702 509 2790 antiqua,
527 2725 641 2790 supra,
659 2725 694 2770 n.
713 2703 751 2790 2,
772 2703 981 2790 probabilius
1001 2712 1092 2770 esset
1105 2705 1163 2794 jus
1182 2704 1395 2794 pontificium
1416 2728 1485 2769 non

359 2815 405 2882 ita
434 2816 588 2898 extendi,
619 2815 698 2904 quia
726 2839 848 2906 nempe
876 2825 945 2884 tres
973 2818 1031 2884 isti
1059 2819 1212 2901 ordines,
1246 2819 1483 2908 episcopatus,

358 2929 615 3018 presbyteratus
643 2937 684 2996 et.
704 2930 919 3014 diaconatus,
945 2940 1118 3021 ponuntur
1144 2933 1180 2997 in
1210 2934 1329 2998 eodem
1357 2934 1483 3022 gradu,

359 3042 471 3130 quoad
490 3043 699 3125 ministrum,
722 3067 844 3134 nempe
863 3047 1071 3134 episcopum.
1094 3047 1220 3114 Verum
1239 3054 1315 3112 aeta
1334 3056 1368 3113 et
1385 3057 1486 3134 gesta

359 3155 590 3222 Romanorum
605 3158 821 3241 Pontificum,
839 3161 974 3248 quando
989 3167 1106 3248 agunt,
1124 3184 1193 3226 non
1212 3168 1251 3226 ut
1269 3161 1404 3249 privati,
1423 3162 1485 3224 sed

357 3276 397 3335 ut
416 3271 521 3336 totius
535 3271 695 3336 Ecclesiae
713 3279 880 3359 pastores,
897 3276 1110 3340 constituunt
1129 3275 1231 3340 etiam
1251 3275 1363 3362 aliquo
1382 3275 1485 3340 modo

359 3391 492 3472 partem
510 3384 714 3452 traditionis.
736 3387 833 3452 Unde
859 3388 957 3452 multi
976 3387 1148 3470 doctores,
1170 3389 1311 3455 attentis
1334 3389 1486 3477 praelatis

358 3497 561 3585 privilegiis,
592 3505 711 3564 tenent
739 3501 892 3566 Romano
917 3502 1074 3567 Pontifici
1102 3525 1181 3568 vere
1205 3501 1263 3591 jus
1292 3509 1485 3592 competere

359 3613 539 3700 delegandi
570 3614 788 3701 presbyteros
819 3615 862 3680 ad
894 3614 1137 3681 conferendum
1168 3617 1400 3698 diaconatum;
1435 3616 1484 3681 ita

359 3750 477 3792 omnes
509 3727 665 3814 allegati,
701 3735 736 3794 et
768 3729 869 3795 etiam
888 3730 1018 3818 ⁸plures
1036 3777 1038 3786 ·
1054 3731 1127 3814 alii,
1161 3755 1194 3796 v.
1230 3755 1278 3818 g.,
1315 3729 1483 3812 Barbosa‚

390 3931 399 3966 ¹
418 3930 478 3981 noc.
494 3930 540 3980 cit.

390 4009 402 4044 ²
419 4009 451 4059 V.
467 4025 502 4074 g,
518 4010 590 4072 apud
605 4009 800 4071 Pellizzarium‚
817 4013 942 4062 Manuale
957 4012 1140 4078 reputarium,
1157 4013 1200 4063 tit.
1216 4028 1275 4072 vm,
1291 4028 1314 4062 c.
1331 4029 1362 4072 n,
1378 4029 1404 4062 n.
1421 4019 1484 4072 176,

359 4089 424 4138 edit.
440 4094 467 4146 n,
484 4088 619 4150 Lugduni,
634 4094 709 4149 1665,
726 4095 745 4140 t.
761 4107 793 4151 ιι,
809 4105 835 4155 p.
852 4097 907 4142 25³.

391 4167 479 4216 ῧλοι.
496 4166 551 4226 cit,
568 4183 594 4229 p.
611 4169 665 4216 438.

318 4267 323 4282 ·
390 4245 402 4281 ⁴
417 4245 478 4294 Loc.
495 4245 551 4303 cit„
567 4261 594 4309 p.
611 4249 649 4294 ln.

392 4323 458 4373 ⁸01.
475 4325 557 4374 etiam
573 4323 707 4388 vasquez,
725 4326 775 4376 loc.
791 4325 846 4386 cit,
863 4343 889 4391 p.
906 4332 960 4376 596.
