3316 5052
467 471 511 520 DE
531 468 792 528 PRAEREQUISITIS
811 469 854 516 Al)
874 467 1128 518 onolunrlounit
1307 461 1359 513 309

281 640 311 681 a.
341 613 483 695 Quando
511 611 850 701 episcopusordinat
881 613 1010 676 ratione
1042 611 1192 694 beneficii
1219 609 1356 700 (supra,

236 754 270 796 n.
309 729 393 818 37),
433 727 655 816 requiruntur
693 725 941 791 testimoniales
978 725 1154 812 utriusque
1193 722 1358 811 episcopi,

237 867 357 932 nempe
387 843 530 929 oriqinis
559 848 593 906 et
618 841 818 920 domicilii¹3
848 840 997 905 declarat
1026 839 1116 904 enim
1144 837 1362 902 Innocentius

227 981 303 1045 xnon
333 979 434 1045 posse
465 964 547 1021 tunc
575 955 619 1020 ad
649 955 785 1019 ordines
811 954 1002 1042 promoveri
1034 953 1209 1033 clericum,
1240 951 1360 1030 «nisi,

236 1084 314 1141 ante
335 1074 531 1140 eorumdem
547 1073 810 1158 susceptionem,
830 1071 1067 1136 testimoniales
1084 1071 1212 1134 litteras
1227 1069 1363 1154 proprii

237 1191 396 1276 episcopi,
420 1196 489 1252 tam
513 1187 672 1272 oripinis,
695 1209 800 1272 quam
824 1186 1002 1268 domicilii,
1024 1207 1126 1270 super
1148 1185 1219 1247 suis
1243 1183 1363 1248 natali-

238 1306 311 1388 bus,
334 1311 445 1386 atate,
469 1302 622 1376 moribus
641 1309 672 1364 et
692 1301 759 1364 vita
778 1301 844 1364 sibi
863 1300 996 1364 concedi
1017 1298 1217 1380 obtinuerit,
1240 1319 1363 1383 easque

237 1421 395 1506 episcopo
416 1416 587 1480 ordinanti
607 1415 640 1478 in
661 1415 746 1478 actis
766 1413 858 1477 illius
879 1415 979 1478 euriae
999 1411 1249 1477 conservandas
1269 1409 1364 1474 exhi-

238 1532 379 1597 buerit'.
404 1559 420 1592 »

282 1647 316 1710 b.
344 1645 486 1725 Quando
514 1643 693 1730 episcopus
720 1643 853 1706 ordinat
881 1644 1009 1706 ratione
1035 1641 1198 1706 domicilii
1225 1639 1361 1728 (supra,

237 1784 270 1823 n.
299 1759 384 1846 32),
411 1758 628 1846 requiruntur
656 1755 902 1821 testimoniales
931 1755 1080 1843 episcopi
1109 1756 1266 1840 oriyinis,
1296 1777 1363 1818 non

239 1881 351 1938 tamen
375 1894 519 1959 semper,
548 1871 665 1936 sedin
690 1893 770 1934 casu
794 1893 895 1958 quem
920 1853 1137 1934 Innocentius
1162 1867 1364 1933 determinat

239 1987 291 2049 his
311 1985 449 2051 verbis:
474 1985 544 2050 «Si
563 1985 640 2072 quis
659 1991 773 2078 tamen
798 2009 817 2049 a
836 1986 986 2070 propriae
1011 1984 1153 2068 oripinis
1178 1983 1248 2048 loco
1273 1983 1307 2046 in
1327 2005 1363 2045 ea

239 2109 332 2165 aetate
352 2100 556 2183 discesserit,
574 2122 642 2185 qua
657 2101 811 2185 potuerit
830 2099 932 2164 alicui
951 2100 1109 2163 canonico
1126 2098 1363 2183 impedimento

238 2216 403 2278 obnoxius
423 2215 531 2298 effici,
554 2214 657 2278 etiam
679 2213 853 2278 Ordinarii
876 2236 943 2278 sure
963 2213 1106 2298 oripinis
1126 2212 1364 2277 testimoniales

240 2330 385 2412 litteras,
416 2336 453 2392 ut
481 2351 603 2413 supra,
632 2331 756 2412 afferre
784 2329 934 2411 debebit,
964 2350 1003 2392 ac
1031 2327 1073 2391 de
1104 2325 1172 2390 illis
1203 2347 1363 2414 expressa

237 2441 393 2507 similiter
416 2443 543 2506 mentio
568 2442 602 2505 in
627 2449 862 2529 susceptorum
887 2440 1043 2506 ordinum
1067 2439 1191 2504 litteris
1211 2440 1364 2504 facienda

237 2556 331 2622 erit³.
357 2584 372 2616 n

279 2693 306 2733 c.
324 2668 468 2747 Quando
484 2670 663 2758 episcopus
678 2670 813 2734 ordinat
829 2671 957 2733 ratione
971 2669 1219 2753 familiaritatis
1233 2673 1361 2758 (supra,

236 2806 269 2848 n.
307 2783 391 2871 39),
429 2784 648 2870 requiruntur
679 2783 925 2848 testimoniales
963 2783 1164 2847 alterutrius
1201 2784 1360 2868 episcopi,

234 2921 355 2985 nempe
371 2897 427 2961 vel
445 2897 587 2982 oripinis
602 2899 658 2961 vel
674 2898 836 2962 domicilii
842 2917 855 2980 ,·
869 2897 1019 2962 declarat
1039 2897 1129 2961 enim
1146 2895 1362 2962 Innocentius

234 3017 315 3075 tnnc
335 3009 536 3074 familiarem
560 3033 628 3074 non
649 3033 750 3097 posse
770 3010 918 3074 ordinari
939 3037 955 3069 «
978 3009 1105 3097 absque
1124 3009 1197 3096 ejus
1212 3011 1362 3094 propriae

234 3125 376 3208 oripinis
395 3123 526 3188 scilicet
546 3145 606 3187 seu
625 3125 789 3188 domicilii
808 3125 945 3209 prelati
970 3123 1251 3188 testimonialibus
1273 3123 1362 3187 litte-

235 3239 297 3320 ris,
319 3243 478 3323 utsupra
500 3265 516 3298 n
530 3239 551 3300 ⁴.

278 3351 312 3415 d.
334 3351 493 3432 Domum,
515 3373 731 3438 quacumque
751 3351 881 3415 ratione
902 3351 1068 3439 (originis,
1087 3350 1260 3430 domicilii,
1278 3353 1359 3440 stol)

232 3465 412 3552 episcopus
438 3463 588 3546 ordinat,
611 3465 830 3552 requiruntur
854 3465 1100 3530 testimoniales
1124 3465 1273 3553 episcopi
1299 3466 1361 3529 loci

232 3579 384 3662 fortuite
405 3579 607 3660 natiuitatis,
629 3602 697 3642 non
721 3585 836 3643 tamen
855 3601 1001 3666 semper,
1024 3579 1137 3643 sedin
1158 3601 1238 3643 casu
1259 3601 1359 3666 quem

233 3691 280 3756 ita
300 3691 503 3758 determinat
519 3692 762 3758 Innocentius:
788 3693 920 3772 «Quod
941 3693 968 3756 si
989 3694 1064 3780 quis
1085 3701 1177 3758 tanto
1200 3695 1360 3778 temporis

233 3807 341 3890 spatio
366 3807 400 3870 in
424 3829 461 3870 eo
488 3807 557 3872 loco
583 3807 617 3870 in
641 3829 709 3892 quo
734 3830 775 3870 err
799 3808 978 3890 accidenti,
1005 3807 1104 3872 sicuti
1128 3807 1356 3894 praemittitur,

264 3966 273 4000 ¹
292 3967 318 4015 Si
336 3967 461 4016 nimirum
478 3968 553 4016 locus
569 3968 700 4016 domicilii
716 3969 860 4017 distinctus
876 3969 911 4015 sit
927 3969 1016 4016 eloco
1031 3970 1149 4032 originis.

264 4043 275 4078 ²
293 4045 368 4094 Bulla
387 4045 588 4108 Speculatores,
609 4051 621 4105 ξ
640 4051 671 4105 3;
694 4046 767 4094 Bnll.
787 4045 873 4102 Rom,
894 4051 913 4094 t.
936 4061 974 4102 nr,
995 4062 1021 4108 p.
1038 4053 1092 4094 375.
1110 4074 1136 4083 -
1161 4047 1237 4094 llsnc
1257 4045 1357 4092 bullum

233 4123 317 4172 habes
331 4125 364 4171 ad
384 4124 485 4172 calcem
501 4123 581 4186 hujus
597 4124 755 4182 voluminis,
773 4125 970 4173 Documentum
984 4125 1006 4172 1.

265 4201 369 4258 rina,
386 4205 397 4260 s
413 4206 440 4258 s,
456 4217 483 4264 p.
499 4207 553 4249 ns.

265 4279 275 4312 ⁴
293 4278 372 4336 inid,
388 4285 400 4339 ς
415 4285 443 4338 a,
460 4295 486 4342 p.
503 4285 557 4327 ais.
