3248 5052
616 465 818 515 DOCUMENTA
1227 464 1276 516 bil

153 605 186 663 in
203 606 266 664 suis
282 606 443 666 ordinibus
457 613 561 666 essent
574 607 741 680 retinendi,
758 615 823 666 tum
837 607 875 666 de
887 607 925 666 iis
941 608 993 687 qui
1010 628 1072 666 non
1083 607 1224 689 promoti
1237 608 1280 668 ad

153 721 259 760 saeros
275 701 417 780 ordines,
435 709 578 783 possent,
596 703 621 762 si
636 701 731 786 digni
744 709 775 762 et
789 701 895 763 idonei
909 702 1027 783 reperti
1041 703 1187 783 fuissent,
1200 725 1278 785 pro-

154 797 283 858 moveri.
305 799 384 858 Nam
404 806 487 858 certe
506 798 696 880 definiteque
716 806 854 874 notatur,
876 805 910 858 ut
932 820 1039 879 reapse
1060 807 1140 872 erat,
1163 800 1279 881 duplex

154 894 317 954 hominum
337 894 466 955 classis:
493 895 566 955 hinc
590 917 697 954 eorum
724 896 777 976 qui
805 916 923 954 sacram
950 895 1177 956 ordinationem
1206 919 1279 958 vere

154 991 375 1070 suscepissent,
393 991 509 1072 quippe
524 991 554 1050 id
571 991 707 1052 velante
725 991 850 1050 llenriei
867 991 1088 1064 secessionem,
1107 991 1155 1050 vel
1171 993 1195 1051 si
1210 1000 1280 1073 post

154 1107 222 1146 eam
245 1095 276 1146 et
300 1107 355 1167 per
378 1088 537 1147 ministros
562 1109 667 1148 errore
690 1088 860 1147 dissidiove
884 1087 1068 1166 implicitos,
1092 1089 1153 1147 ritu
1176 1095 1278 1148 tamen

154 1181 310 1242 catholico
332 1191 501 1256 eonsuet03
526 1184 597 1244 inde
617 1184 748 1244 aliorum
769 1184 822 1264 qui
847 1183 959 1242 initiati
981 1191 1084 1242 essent
1108 1185 1277 1244 secundum

154 1277 303 1338 Ordinale
323 1279 565 1354 eduardianum‚
587 1281 641 1362 qui
661 1287 826 1360 propterea
846 1287 974 1360 possent
988 1279 1171 1360 promoveri
1175 1327 1184 1356 ‚
1207 1281 1279 1360 quia

153 1374 384 1436 ordinationem
408 1378 600 1457 accepissent
622 1377 751 1436 irritam.
779 1377 887 1457 Neque
913 1375 998 1435 aliud
1026 1397 1098 1434 sane
1123 1376 1279 1456 pontificis

154 1471 319 1531 consilium
344 1473 455 1546 luisse,
477 1474 626 1552 praeclare
648 1458 966 1552 confirmat'epistola
989 1472 1129 1552 ejusdem
1155 1473 1277 1552 Legati,

154 1567 204 1626 die
226 1589 294 1626 xxix
313 1568 449 1647 januarii
475 1569 605 1642 MDLV,
632 1569 795 1629 facultates
817 1590 888 1628 suas
915 1569 1060 1648 episcopo
1084 1569 1277 1628 Norwicensi

153 1663 382 1724 demandantis.
401 1665 435 1724 ld
450 1666 582 1746 amplius
603 1674 650 1725 est
669 1665 829 1746 potissime
842 1664 1119 1736 considerandum,
1135 1665 1218 1745 quod
1235 1686 1277 1724 eae

154 1760 228 1840 ipsae
250 1758 332 1820 lulis
350 1761 394 1820 Ill
420 1761 532 1821 litterae
552 1763 702 1833 afferunt,
719 1762 756 1821 de
777 1761 978 1820 facultatibus
993 1759 1160 1841 pontificiis
1182 1761 1278 1821 libere

154 1858 292 1930 utendiS‚
315 1857 408 1917 etiam
431 1858 590 1917 incorum
612 1858 728 1917 bonum
751 1858 863 1938 quibus
886 1877 999 1916 munus
1016 1857 1276 1930 consecrationis,

153 1951 260 2012 minus
279 1951 339 2012 rite
360 1962 390 2012 et
410 1974 471 2012 nen
491 1959 613 2013 servata
632 1953 736 2033 [orma
752 1951 903 2013 Ecclesiae
922 1959 1083 2028 consueta,
1103 1952 1277 2033 impensum

153 2049 214 2108 luit
229 2067 236 2109 τ
254 2071 313 2130 qua
330 2049 455 2130 quidem
472 2049 630 2109 locutione
646 2050 666 2108 ii
682 2056 765 2108 certe
781 2048 1024 2127 designabantur
1036 2048 1088 2128 qui
1105 2050 1277 2108 consecrati

153 2146 344 2206 eduardiano
360 2146 438 2218 ritu;
452 2153 565 2226 praeter
579 2167 646 2205 eam
662 2166 795 2224 namque
811 2151 842 2203 et
856 2145 1040 2204 catholicam
1057 2144 1201 2222 formam,
1218 2145 1276 2204 alia

153 2243 238 2302 nulla
255 2251 320 2302 erat
335 2263 372 2301 eo
389 2251 528 2322 tempore
544 2242 575 2300 in
591 2242 715 2322 Anglia.

195 2341 270 2398 Haee
285 2345 390 2398 autem
405 2339 560 2418 apertiora
577 2339 665 2410 fient,
683 2337 956 2396 commemorando
977 2336 1162 2414 legationem
1184 2359 1276 2418 quam

153 2435 315 2516 Philippus
333 2441 365 2494 et
384 2434 492 2494 Maria,¹
512 2455 615 2513 regeS,
637 2433 785 2492 suadente
805 2432 954 2492 cardinali
975 2431 1067 2506 Polo,
1090 2433 1222 2492 Romam
1238 2433 1276 2493 ad

153 2532 331 2612 pontificem
345 2531 503 2590 februario
519 2551 623 2588 mense
639 2529 757 2588 MDLV
771 2530 932 2588 miserunt.
948 2528 1037 2607 Regii
1053 2537 1203 2602 oratores,
1218 2529 1276 2587 viri

152 2637 214 2688 tres
230 2626 401 2688 admodum
417 2626 559 2710 insignes
578 2631 607 2685 et
622 2624 709 2685 omni
729 2624 842 2684 virtute
853 2623 1001 2706 praediti,
1018 2625 1050 2682 in
1066 2625 1179 2705 quibus
1194 2625 1276 2686 Tho·

153 2746 218 2784 mas
233 2725 363 2805 Thirlby
378 2725 542 2805 episeopus
559 2722 701 2794 Eliensis‚
716 2721 759 2780 sic
775 2721 932 2781 habebant
949 2721 1156 2801 propositum,
1173 2721 1276 2801 ponti-

153 2822 241 2880 ficem
262 2821 299 2880 dc
320 2821 503 2880 condicione
524 2820 567 2877 rei
588 2819 738 2896 religiosae
761 2819 793 2875 in
815 2839 852 2876 eo
874 2837 970 2896 regno
990 2818 1100 2876 notitia
1125 2817 1275 2898 ampliore

152 2917 298 2988 edocere,
315 2919 354 2978 ab
369 2917 499 2998 ipsoque
515 2915 545 2974 in
562 2915 668 2995 primis
682 2921 786 2994 petere
803 2921 837 2973 ut
852 2935 886 2972 ea
902 2935 972 2993 quae
988 2914 1122 2992 legatus
1140 2913 1178 2972 ad
1195 2913 1275 2994 ejus-

151 3015 221 3074 dem
241 3014 329 3094 regni
349 3033 420 3073 cum
442 3012 577 3072 Ecclesia
597 3009 881 3070 reconciliationem
904 3017 1068 3069 curaverat
1089 3018 1183 3090 atque
1204 3011 1275 3069 elle-

151 3119 249 3185 cerat,
267 3110 396 3170 haberet
407 3115 473 3169 rata
493 3115 524 3168 et
541 3108 754 3180 confirmaret;
774 3107 841 3186 ejus
856 3106 900 3165 rei
915 3127 1006 3165 causa
1023 3106 1126 3164 omnia
1142 3105 1180 3164 ad
1197 3127 1275 3186 pon-

152 3208 265 3268 tificem
281 3206 374 3266 allata
395 3213 468 3266 sunt
487 3204 664 3264 testimonia
676 3203 794 3282 scripta
815 3222 884 3283 quae
907 3201 1088 3282 oportebat,
1110 3209 1274 3281 partesque

151 3303 306 3364 Ordinalis
325 3304 398 3362 novi
423 3302 562 3382 proxime
584 3301 622 3360 ad
647 3321 710 3358 rem
737 3299 894 3358 iacientes.
920 3299 1066 3357 Jamvero
1091 3296 1207 3356 Paulus
1232 3298 1274 3355 lV

151 3402 305 3480 legatione
328 3399 489 3478 magnilice
513 3397 661 3468 admissa,
685 3396 863 3474 eisdemque
888 3395 1072 3453 testimoniis
1095 3414 1150 3472 per
1172 3401 1274 3452 certos

150 3498 269 3578 aliquot
291 3495 463 3556 cardinales
486 3493 659 3576 diligenter
683 3489 834 3550 discussis
861 3499 891 3550 et
913 3489 1022 3548 habita
1044 3487 1273 3549 deliberatione

151 3601 284 3670 matura,
298 3593 418 3652 litteras
431 3589 592 3650 Praeclara
605 3586 765 3648 carissimi
775 3587 833 3646 sub
845 3586 973 3667 plumbo
985 3585 1071 3644 dedit
1083 3585 1133 3645 die
1145 3607 1182 3644 xx
1191 3585 1272 3666 junii

150 3690 259 3750 eodem
281 3709 374 3748 anno.
400 3689 435 3746 ln
453 3687 500 3745 his
519 3707 590 3745 eum
611 3683 826 3765 comprobatio
849 3683 939 3764 plena
964 3691 995 3741 et
1016 3682 1112 3742 robur
1131 3682 1271 3742 additum

149 3787 189 3846 sit
204 3786 297 3846 rebus
312 3806 329 3844 a
346 3783 426 3843 Polo*
437 3783 548 3862 gestis,
565 3782 603 3840 de
619 3779 868 3839 ordinationibus
879 3780 922 3838 sic
936 3787 983 3838 est
995 3779 1211 3860 praescriptum

148 3882 206 3964 qui
222 3881 263 3942 ad
278 3880 405 3940 ordines
421 3877 684 3939 ecclesiasticos...
702 3874 743 3936 ab
757 3875 821 3935 alio
837 3897 932 3957 quam
950 3874 1149 3956 abepiscopo
1165 3873 1226 3934 rite
1243 3881 1272 3934 et

149 3985 229 4039 recte
245 3977 391 4038 ordinato
402 3973 543 4057 promoti
556 3972 702 4055 fuissent,
716 3971 839 4032 eosdem
853 3971 1017 4030 ordines...
1031 3971 1070 4030 de
1083 3991 1159 4030 neue
1175 3970 1271 4030 suaci—

142 4097 219 4158 pere
245 4081 419 4134 teneantur.
445 4071 576 4140 Quinam
599 4077 703 4129 autem
728 4075 832 4128 essent
851 4068 988 4148 episcopi
1008 4068 1101 4140 tales,
1126 4088 1188 4126 non
1212 4065 1271 4126 rite

148 4179 290 4254 recteque
306 4167 463 4246 ordinati,
481 4167 555 4227 satis
571 4167 637 4247 jam
657 4165 871 4225 indicaverant
891 4164 1050 4244 superiora
1065 4163 1269 4234 documenta,

149 4268 372 4348 facultatesque
392 4266 424 4324 in
448 4285 515 4324 eam
540 4285 642 4324 rema
668 4263 783 4342 Legato
807 4260 979 4320 adhibitae:
1005 4261 1025 4319 ii
1050 4260 1196 4319 nimirum
1217 4260 1269 4338 qui

239 4397 320 4430 saeua
333 4395 452 4430 onerum.
1092 4372 1123 4424 41
