3270 5050
590 1069 956 1165 PROOEMlUM

1233 1307 1240 1360 l

262 1495 381 1569 Editis
395 1497 585 1596 superiore
605 1523 703 1570 anno
719 1497 1032 1571 Praelectionilius
1043 1499 1088 1571 de
1106 1499 1222 1572 Missa
1237 1509 1274 1572 et
1293 1499 1336 1572 de

211 1627 320 1699 Locis
336 1627 471 1717 sacris,
490 1653 591 1700 nune
609 1637 805 1701 tractatum
821 1629 1015 1727 aggredior
1034 1628 1078 1701 de
1098 1656 1205 1701 sacra
1226 1630 1336 1702 Ordi-

212 1759 378 1848 natione,
406 1759 584 1830 nimirum
610 1759 655 1831 de
686 1759 759 1830 ritu
784 1785 904 1850 sacr0,
935 1785 1027 1857 quo,
1061 1785 1127 1859 per
1157 1759 1336 1832 constitu-

212 1889 353 1961 tionem
382 1889 657 1972 ministrorum,
691 1889 928 1988 provideatur
956 1889 1193 1989 perpetuitati
1225 1890 1336 1990 hujus

211 2019 435 2093 sacrosancti
478 2019 667 2110 sacrificii,
713 2019 751 2091 in
800 2020 890 2092 locis
932 2019 1067 2092 debitis
1109 2019 1332 2094 celebrandi.

213 2151 314 2224 Duas
333 2162 455 2223 autem
475 2151 535 2224 hio
555 2176 674 2223 novus
693 2149 788 2224 liber
806 2151 970 2223 continet
988 2162 1109 2252 partes
1128 2178 1135 2224 :
1158 2179 1270 2226 unam
1291 2151 1335 2224 de

213 2281 361 2380 lepidus
384 2281 647 2370 ordinationis,
671 2281 823 2384 alteram
848 2281 892 2353 de
918 2281 1056 2354 ritihus
1077 2282 1333 2357 ordinationis.

211 2413 327 2512 Leges
356 2413 559 2513 respiciunt
586 2423 665 2486 tum
695 2412 906 2484 ministrum
931 2438 1041 2485 saorae
1070 2413 1331 2502 ordinationis,

211 2555 289 2616 tum
316 2545 396 2642 ejus
419 2543 646 2642 subjeetum,
673 2543 739 2615 ubi
762 2569 843 2642 quae
868 2543 914 2616 ad
939 2543 1141 2642 Regulares
1164 2554 1226 2617 aut
1249 2545 1335 2617 reli-

210 2675 334 2773 giosos
357 2686 528 2749 votorum
553 2673 778 2774 simplicium
803 2673 978 2761 attinent,
1005 2701 1080 2746 non
1105 2675 1231 2764 omisi,
1255 2686 1333 2748 tum

211 2807 311 2881 varia
326 2805 569 2880 ordinationis
582 2805 772 2906 adjuncta,
790 2805 967 2877 nimirum
983 2815 1129 2904 tempus
1144 2815 1180 2877 et
1194 2806 1331 2895 locum,

210 2938 373 3026 debitam
397 2938 571 3012 ordinum
595 2937 885 3026 successionem,
908 2936 1049 3010 litteras
1069 2935 1334 3010 dimissoriales

210 3079 248 3142 et
264 3069 546 3154 testimoniales,
560 3067 710 3141 titulum
730 3077 767 3140 et
785 3067 885 3139 varia
905 3067 976 3140 alia
996 3067 1042 3140 ad
1062 3066 1333 3140 ordinationem

209 3200 397 3298 requisita.
414 3197 546 3284 Quoad
565 3199 670 3288 ritus,
688 3224 734 3270 ne
753 3223 865 3272 saerae
883 3197 1040 3296 liturgiae
1059 3198 1150 3272 fines
1168 3197 1332 3270 indebite

210 3329 436 3428 ingrederer,
459 3355 523 3402 eos
546 3329 709 3402 breviter
732 3337 768 3400 et
790 3329 965 3401 historice
985 3329 1188 3428 praesertim
1208 3329 1329 3427 attigi,

211 3471 247 3533 et
270 3486 315 3534 eo
347 3469 489 3534 tantum
517 3459 690 3534 modoet
718 3459 807 3548 fine,
834 3469 876 3531 ut
904 3459 996 3548 ritus
1024 3459 1269 3534 accidentales
1298 3469 1334 3532 et

210 3617 311 3665 mere
342 3591 610 3666 ecclesiasticos
639 3617 660 3665 a
686 3589 821 3664 ritibus
854 3589 1109 3663 essentialibus
1132 3599 1170 3663 et
1197 3589 1332 3663 divinis

210 3721 418 3796 discernere
434 3747 598 3824 possem,
617 3732 653 3796 et
669 3721 755 3794 inde
774 3720 957 3794 resolvere
972 3721 1124 3819 quaesita
1139 3721 1329 3810 canoniea,
1441 3743 1445 3752 ·

210 3875 290 3950 quae
319 3851 364 3925 ad
392 3853 461 3926 hos
483 3841 582 3926 ¹ritus
610 3861 793 3954 spectant,
825 3878 859 3924 v.
896 3877 947 3949 g.,
977 3877 1067 3922 num
1091 3861 1129 3925 et
1151 3862 1333 3950 quatenus

210 3983 405 4084 reparandi
434 3993 497 4057 aut
526 3982 722 4084 supplendi
753 3982 827 4054 sint
855 3981 1130 4055 ordinationum
1155 3981 1330 4060 desectus.

210 4115 265 4188 Ex
288 4114 472 4188 industria
495 4123 617 4188 autem
642 4113 752 4186 omisi
775 4111 821 4184 de
848 4111 1180 4210 irregularitatibus
1203 4139 1328 4211 agere,

208 4257 287 4320 tum
300 4273 347 4320 ne
367 4245 407 4318 in
426 4245 650 4318 immensum
665 4252 847 4316 cresceret
864 4241 974 4341 hujus
988 4242 1187 4316 voluminis
1199 4245 1328 4335 moles,
