3290 5060
333 481 381 533 158
596 480 640 530 DE
659 479 797 530 LEGIBUS
818 479 932 530 SACRAE
951 480 1188 532 onnmtmoms

329 633 445 692 autem
476 623 685 688 dimissorias
716 629 834 688 contra
864 623 1016 710 formam,
1039 625 1181 706 decreti,
1209 627 1253 691 ali
1283 627 1398 711 officio
1424 635 1458 690 et

329 739 490 824 beneficio
510 759 723 823 perannum
748 737 817 822 ipso
835 739 920 823 jure
937 739 1007 802 sint
1029 741 1193 824 suspensi.
1217 768 1233 800 n
1254 740 1340 805 Haec
1365 741 1455 806 onim

329 853 478 933 sanctio,
497 875 571 940 quse
592 850 720 916 claudit
739 857 850 916 totum
868 860 971 939 ceput
987 853 1044 934 lo,
1062 855 1214 943 respicit,
1231 877 1300 919 non
1320 861 1454 920 tantum

328 966 569 1055 propinquiora
594 964 714 1041 verba,
737 964 797 1030 sed
823 965 926 1030 etiam
952 967 1150 1048 remotiora,
1177 992 1252 1056 quse
1279 969 1454 1034 continent

328 1079 609 1169 prohibitionem,
627 1077 807 1144 abbatibus
826 1077 964 1162 iactam,
982 1082 1191 1147 concedendi
1210 1082 1451 1147 dimissorias¹.

373 1193 571 1260 Notandum
603 1200 672 1270 est,
708 1193 836 1258 multos
873 1194 1037 1260 Praelatos
1074 1197 1216 1262 Nullius
1253 1197 1453 1284 impetrasse

328 1309 459 1374 indulta
474 1305 677 1396 apostolica,
693 1307 728 1371 vi
743 1330 886 1394 quorum
898 1309 956 1396 jus
972 1309 1098 1375 habent
1112 1310 1319 1376 concedendi
1339 1309 1453 1375 dimis-

327 1423 435 1488 sorias
453 1421 522 1486 suis
539 1419 685 1486 subditis
697 1403 926 1487 secularihas.
940 1423 1025 1488 Vide
1039 1424 1194 1512 exempla
1209 1424 1300 1513 apud
1313 1425 1452 1510 Riganti

327 1545 387 1602 ant
406 1535 536 1601 Giraldi
547 1537 568 1599 ².

371 1765 440 1834 62.
479 1805 526 1814 -
573 1763 795 1833 Necessitas
840 1764 1063 1834 litterarum
1110 1767 1448 1850 dimissoriam,

326 1880 464 1968 quando
484 1879 602 1963 agitur
620 1879 660 1942 de
679 1879 890 1944 ordinatione
909 1879 1011 1944 alieni
1028 1881 1169 1946 subditi.

373 1994 405 2058 1ο
428 1993 556 2058 Nullus
575 1994 748 2078 episcopus
771 1995 930 2058 ordinare
949 2002 1061 2079 potest
1083 1995 1233 2060 alienum
1254 1996 1448 2078 subditum,

325 2111 396 2174 sine
422 2108 543 2175 litteris
566 2108 851 2172 dimissorialilius
876 2106 1050 2174 Ordinarii
1064 2110 1211 2195 proprii.
1237 2147 1282 2158 —
1309 2107 1450 2175 Constat

326 2220 508 2308 multiplici
527 2219 730 2285 documento
748 2241 755 2286 ζ

371 2357 401 2399 a.
421 2335 546 2420 Legem
559 2334 633 2422 jam
650 2333 730 2400 tulit
748 2336 930 2400 concilium
948 2336 1140 2418 Nieaenum,
1160 2361 1233 2402 ean.
1256 2337 1332 2419 16³,
1352 2336 1450 2425 cnjus

328 2471 407 2535 pars
433 2448 581 2513 secunda
613 2448 661 2512 sic
686 2447 813 2536 legitur
840 2450 930 2538 apud
958 2450 1174 2534 Gratianum,
1202 2475 1275 2517 can.
1306 2451 1345 2517 Si
1375 2453 1451 2539 quis

330 2586 443 2646 ausus,
466 2564 498 2644 3,
520 2562 600 2628 dist.
623 2562 731 2626 LXXI
748 2583 755 2628 :
778 2591 794 2623 α
818 2561 853 2628 Si
873 2565 950 2651 quis
968 2588 1070 2630 ausus
1090 2564 1191 2630 inerit
1209 2565 1372 2653 aliquem,
1393 2565 1451 2654 qui

327 2678 371 2742 ad
390 2677 537 2742 alterum
552 2677 718 2762 pertinet,
740 2677 775 2741 in
794 2677 938 2742 ecclesia
958 2677 1129 2759 ordinare,
1147 2701 1225 2742 cum
1242 2701 1309 2742 non
1329 2679 1450 2743 liabent

327 2813 524 2856 consensum
545 2789 637 2854 illius
656 2791 816 2875 episcopi,
834 2814 854 2856 a
873 2815 941 2878 quo
961 2793 1094 2857 recessit
1112 2793 1269 2876 clericus,
1291 2791 1387 2858 irrita
1406 2791 1450 2856 sit

325 2895 470 2992 (ἄκυρος)
494 2903 689 2989 hujusmodi
708 2904 877 2970 ordinatio
887 2908 910 2972 ⁴.
935 2933 950 2966 n

368 3019 403 3083 h.
432 3019 558 3103 Legem
581 3025 701 3104 postea
721 3018 828 3084 multa
847 3019 990 3083 concilia
1014 3027 1073 3085 aut
1095 3021 1241 3086 Romani
1265 3021 1450 3087 Pontifices

331 3139 581 3196 renovaverunt
615 3140 649 3197 et
681 3133 925 3198 confirmarunt
956 3132 1014 3219 (cf.
1049 3133 1118 3200 iere
1151 3156 1269 3200 omnes
1301 3157 1450 3201 canones

330 3245 408 3312 dist.
432 3245 538 3310 LXXI
559 3254 593 3310 et
612 3246 692 3313 dist.
715 3246 855 3330 LXXII,
873 3247 909 3312 in
924 3247 1068 3313 Decreto
1088 3248 1281 3338 Gratiani);
1304 3249 1450 3314 sufficiat

326 3359 383 3424 hic
403 3359 550 3446 allegare
577 3384 650 3448 cap.
673 3361 742 3426 Eos
761 3362 837 3448 qui,
858 3361 896 3443 2,
915 3362 965 3426 Dn
985 3383 1182 3430 nnunoulnus
1201 3384 1325 3446 onum„
1346 3363 1381 3428 in
1401 3362 1448 3426 Vl

333 3465 393 3551 (ex
416 3464 559 3530 concilio
584 3465 820 3553 Lugdunensi,
847 3490 902 3532 an.
931 3467 1034 3556 1274)
1056 3488 1063 3535 :
1086 3496 1101 3528 «
1129 3468 1197 3534 Eos
1223 3469 1281 3556 qui
1307 3467 1448 3534 clericos

354 3667 363 3700 ¹
383 3667 422 3716 Cl.
439 3669 606 3728 Thesaurus,
623 3669 661 3718 De
673 3669 774 3732 poenis,
791 3679 820 3718 v⁰
836 3670 921 3728 Ordo,
937 3685 961 3720 c.
977 3685 1024 3730 xx,
1041 3687 1067 3734 p.
1086 3675 1217 3731 sel-³253
1234 3698 1264 3708 -
1280 3671 1445 3732 Pennacchi,

323 3747 356 3795 ln
370 3746 592 3796 constitutionem
604 3748 767 3810 Apostolicae
780 3749 869 3808 Sedis,
890 3753 910 3799 t.
931 3765 962 3808 u,
982 3765 1009 3812 p.
1025 3753 1150 3798 too-tot.
1167 3749 1219 3798 Ilio
1238 3753 1329 3799 tamen
1348 3751 1447 3799 nimios

322 3827 373 3884 est,
387 3825 451 3874 dnm
462 3827 568 3884 asserit,
579 3842 606 3888 p.
618 3830 673 3884 460,
683 3829 797 3878 abbates
810 3828 969 3878 ordinantes
983 3843 1047 3877 snos
1061 3829 1187 3878 subditos
1202 3829 1346 3878 soeoulares
1358 3830 1448 3878 incur-

323 3917 382 3952 rere
403 3904 526 3954 camdem
548 3907 770 3968 suspensionem
791 3908 933 3970 suspensio
952 3907 1024 3955 enim
1044 3907 1130 3956 fertur
1149 3911 1244 3956 contra
1264 3906 1445 3966 dimittentes,

322 3996 376 4030 non
394 3986 489 4032 contre
503 3983 675 4041 ordinantes,
692 3999 755 4043 nec,
771 3985 798 4032 in
813 4000 841 4033 re
856 3985 969 4047 poeuali,
985 3985 1018 4034 sst
1034 3986 1158 4034 extensio
1177 3986 1211 4034 ad
1231 3999 1310 4034 casus
1331 3985 1446 4044 similes,

323 4061 377 4109 imo
392 4063 545 4124 graviorem
562 4061 595 4110 cl.
610 4062 776 4121 Thesaurus,
792 4063 831 4112 De
841 4063 942 4127 poenis,
959 4071 989 4110 v⁰
1005 4063 1091 4123 Ordo,
1108 4079 1132 4113 c.
1145 4079 1201 4124 xxi,
1221 4078 1248 4126 p.
1263 4069 1319 4114 ³25.

353 4140 364 4174 ¹
380 4141 440 4189 Loc.
457 4139 502 4189 cit.

353 4219 364 4253 ³
381 4217 481 4279 Bruns,
498 4218 632 4278 Consilia,
649 4221 669 4268 t.
684 4235 705 4278 1,
720 4235 748 4281 p.
763 4223 801 4268 18.

353 4297 364 4331 ⁴
382 4296 420 4346 Ex
435 4298 559 4348 versione
573 4299 698 4361 Dionysii
713 4298 824 4362 Exigui;
841 4299 943 4362 iligne,
961 4299 990 4350 P.
1005 4302 1045 4358 L'.,
1059 4305 1079 4350 t.
1096 4315 1179 4361 nxvu,
1195 4300 1246 4350 col.
1263 4303 1318 4349 1⁵0.
