3300 5056
335 475 386 526 170
600 477 643 527 DE
662 477 800 528 LEGIBUS
820 477 933 529 SACRAE
951 477 1189 528 onumanouls

332 625 368 684 et
387 642 429 684 ex
449 621 625 706 quibusvis
645 620 724 686 locis
743 629 840 686 cetra
858 621 997 686 ltaliam
1016 621 1198 704 orianum,-
1216 647 1232 682 »
1252 642 1320 714 non
1340 626 1455 685 tamen

330 733 570 821 complectitur
597 757 656 799 eos
684 734 743 822 qui
771 741 853 800 sunt
879 758 922 800 ex
952 733 1083 815 Sicilia,
1112 733 1283 814 Sardinia,
1311 733 1454 821 aliisque

333 847 456 912 insulis
482 846 590 914 ltaliae
615 848 864 937 adjacentibus,
891 849 950 936 qui
972 847 1114 936 proinde
1139 847 1287 913 ordinari
1309 855 1456 936 possunt

332 963 367 1026 in
393 961 492 1028 ltalia
515 963 588 1028 solo
615 969 749 1028 servato
765 963 842 1050 jure
861 963 1045 1028 communi.
1067 1001 1111 1012 -
1130 963 1231 1028 Ratio
1254 969 1324 1044 est,
1345 969 1384 1027 ut
1407 961 1455 1026 ait

334 1075 548 1158 Honorante,
584 1077 663 1164 quia
699 1077 845 1143 Romani
882 1077 1066 1142 Pontifices
1103 1076 1166 1142 hos
1203 1076 1306 1141 etiam
1343 1076 1455 1141 solent

328 1189 519 1277 exprimere
539 1188 678 1279 (nempe
692 1191 886 1272 Sicilianm,
903 1191 998 1281 etc),
1015 1191 1153 1280 quando
1167 1191 1290 1256 volunt
1305 1213 1364 1256 eos
1383 1189 1455 1255 suis

329 1305 634 1371 constitutionibus
662 1305 849 1393 obligatos3
888 1329 965 1371 cum
995 1329 1075 1393 ergo
1110 1303 1268 1371 Urbanus
1298 1327 1357 1370 eos
1385 1325 1454 1370 aon

332 1428 512 1502 memoret,
535 1422 673 1509 signum
696 1429 749 1487 est
772 1445 850 1487 eum
875 1422 1025 1486 noluisse
1043 1443 1103 1487 eos
1127 1419 1295 1508 obligare,
1315 1442 1454 1508 praeser-

331 1535 393 1599 tim
417 1559 494 1600 oum
514 1536 560 1601 sit
581 1536 638 1600 lex
661 1536 806 1624 poenalis
829 1542 864 1602 et
881 1535 1032 1604 odiosa¹.
1052 1574 1098 1584 -
1116 1535 1213 1602 Unde
1233 1535 1353 1616 etiam,
1376 1533 1453 1622 quia

330 1649 497 1732 Siciliani,
518 1658 598 1733 etc,
619 1651 714 1716 Italis
734 1627 968 1732 accensentur,
984 1649 1231 1716 ultramontani
1250 1671 1319 1714 non
1339 1648 1453 1713 viden·

330 1772 385 1829 tur
408 1787 508 1853 posse
532 1764 680 1829 ordinari
708 1763 743 1829 in
767 1763 897 1846 Sicilia,
924 1772 1009 1845 ete,
1035 1763 1102 1829 nisi
1131 1763 1276 1830 servatis
1303 1762 1452 1851 praelatis

329 1879 480 1966 regulis:
502 1878 592 1966 quod
612 1887 725 1944 tamen
745 1902 813 1944 non
833 1887 886 1944 est
905 1879 1044 1944 clarum.

462 2156 481 2228 ἓ
500 2157 534 2214 2.
556 2157 609 2215 De
628 2157 937 2230 excorporatlonc
955 2161 993 2215 et
1011 2155 1327 2228 incorporatione.

374 2384 442 2453 6⁷.
457 2424 501 2434 -
515 2385 665 2454 Nostia
678 2387 842 2474 praevia.
855 2425 899 2435 -
913 2385 1005 2450 Ante
1025 2407 1152 2450 annum
1174 2383 1271 2466 1898,
1293 2407 1361 2472 quo
1379 2383 1452 2448 edi-

328 2508 403 2564 tum
424 2506 476 2564 est
496 2523 514 2563 a
533 2499 569 2566 S.
588 2499 713 2586 Congr.
731 2499 877 2565 Concilii
892 2499 1065 2565 decretum
1079 2499 1109 2563 A
1124 2499 1261 2584 primis,
1276 2498 1318 2563 de
1338 2521 1452 2563 excar-

330 2614 502 2679 dinatione
540 2621 573 2677 et
609 2613 820 2680 ordinatione
853 2613 1068 2696 clericorum,
1108 2611 1235 2679 fiebant
1264 2613 1301 2678 in
1334 2613 1452 2679 multis

328 2729 427 2810 lociS,
455 2729 490 2792 in
513 2727 642 2810 Gallia,
669 2727 868 2811 Germania,
891 2728 1005 2810 ltalia,
1027 2735 1108 2810 ete,
1131 2735 1165 2792 et
1188 2729 1291 2792 etiam
1315 2729 1449 2809 Romae,

324 2842 617 2908 encardinationes
628 2849 662 2907 et
672 2843 956 2908 incardinationes
969 2843 1180 2908 clericorum.
1196 2841 1319 2907 Clerici
1329 2863 1450 2930 nempe

328 2965 386 3022 aut
408 2956 502 3036 laici,
530 2957 604 3043 qui,
631 2955 674 3020 ob
698 2957 810 3021 varias
834 2979 969 3039 causas,
996 2955 1160 3021 nolebant
1183 2963 1241 3021 aut
1265 2979 1332 3020 non
1357 2963 1450 3043 pote-

325 3077 402 3134 rant
426 3071 625 3166 commorari
648 3071 684 3134 in
708 3070 847 3135 dioecesi
870 3070 1011 3158 originis
1030 3079 1089 3136 aut
1112 3069 1275 3135 domicilii
1297 3069 1446 3156 paterni,

325 3181 487 3269 petebant
506 3184 818 3272 excorporationem
842 3208 860 3248 e
883 3185 1020 3274 propria
1039 3185 1177 3249 dioecesi
1200 3191 1233 3250 et
1258 3185 1449 3272 incorpora-

326 3296 455 3361 tionem
485 3298 543 3363 alii
575 3299 714 3363 dioecesi
744 3299 778 3363 in
808 3322 874 3387 qua
902 3299 1024 3364 deinde
1057 3297 1266 3387 recipiebant
1298 3297 1444 3362 ordines.

327 3410 395 3475 Sed
419 3411 473 3476 hio
496 3435 564 3476 non
584 3413 724 3478 deerant
747 3413 893 3478 fraudes.
916 3413 1040 3480 Clerici
1059 3413 1150 3478 enim
1178 3419 1238 3477 aut
1260 3410 1339 3477 laici
1363 3435 1448 3500 quos

326 3525 481 3613 proprius
510 3525 705 3614 episcopuS,
731 3527 774 3593 ob
795 3528 908 3616 justas
931 3551 1067 3612 causae,
1095 3525 1250 3592 ordinare
1279 3527 1446 3591 detrecta-

324 3637 399 3720 bat,
417 3639 514 3705 iacile
533 3639 762 3728 impetrabant
775 3641 1084 3708 excardinationem
1100 3666 1119 3707 a
1137 3641 1273 3731 propria
1288 3640 1441 3721 dioecesi,

319 3761 355 3818 ct
383 3753 419 3818 in
447 3754 548 3819 aliam
575 3779 610 3819 se
634 3756 857 3844 recipiebant,
883 3757 918 3821 in
948 3781 1030 3846 qua,
1057 3758 1171 3822 minus
1196 3755 1286 3837 noti,
1313 3755 1444 3822 facilius

319 3867 607 3957 promovebantur
621 3869 663 3934 ad
683 3871 834 3953 ordineS,
855 3877 973 3960 postea
997 3872 1032 3935 in
1052 3895 1150 3936 suam
1168 3870 1336 3936 reversuri
1361 3869 1443 3934 dioe-

317 3983 435 4048 cesim.
463 3981 605 4070 lnsuper
628 3985 776 4069 graviter
801 3993 1057 4050 controversum
1081 3991 1169 4066 erat,
1197 3991 1314 4048 utrum
1336 3983 1442 4048 laicus

316 4103 377 4161 aut
407 4096 566 4178 clericus,
600 4098 705 4162 semel
732 4097 963 4164 incardinatus
992 4119 1090 4164 novae
1120 4098 1273 4180 dioecesi,
1306 4104 1440 4186 posset,

350 4299 358 4332 ¹
377 4299 547 4358 Honorante,
565 4299 614 4348 loc.
630 4299 685 4356 ca,
702 4304 758 4349 not.
775 4305 980 4364 ³,p.106-107.
