3300 5056
330 451 380 506 ¹68
595 455 639 504 DE
657 455 796 507 LEGIBUS
814 455 928 506 SACRAE
947 454 1186 506 ouulaarronrs

328 621 412 686 pum
430 597 612 686 quemdam
631 598 674 663 ad
693 599 781 664 hanc
799 598 1048 665 ordinationem
1068 621 1128 664 sua
1147 599 1220 664 vice
1245 599 1452 682 faciendam,

330 712 509 802 episcopus
538 711 720 800 deputatus
752 735 913 802 peragere
939 719 1053 802 potest
1078 713 1343 797 ordinationem,
1372 715 1454 780 licet

329 826 508 915 episcopus
531 827 688 914 proprius
707 835 863 894 mortuus
886 827 988 892 fuerit
1007 835 1087 893 ante
1106 827 1196 893 diem
1216 828 1451 894 ordinationis.

329 941 429 1008 Ratio
444 947 497 1006 est
512 939 590 1028 quia
606 941 677 1006 haec
692 941 867 1030 deputatio
882 942 1034 1030 episcopi
1048 942 1237 1008 ordinaturi
1257 943 1342 1008 nihil
1361 943 1455 1009 aliud

329 1061 382 1120 est
413 1077 516 1143 quam
546 1056 744 1122 dimissoria
772 1056 950 1122 collective
980 1055 1113 1121 clericis
1142 1056 1338 1122 ordinandis
1372 1080 1455 1122 con-

328 1191 448 1251 cessae,
470 1175 505 1234 et
523 1169 665 1255 proinde
683 1171 798 1256 qratia
819 1171 937 1235 iisdem
957 1175 1073 1256 sacta,·
1088 1194 1156 1236 non
1172 1171 1262 1236 enim
1281 1171 1394 1259 agitur
1413 1171 1454 1236 de

327 1283 437 1370 gratia
463 1283 620 1368 faciende
651 1283 783 1350 clericis
814 1284 968 1350 nondum
995 1285 1159 1371 cognitis,
1189 1284 1249 1350 sed
1275 1285 1317 1350 de
1341 1287 1454 1372 qratia

325 1403 419 1484 sacta
438 1396 569 1462 clericis
588 1397 690 1464 certis
710 1405 744 1465 et
764 1398 1020 1481 determinatis;
1042 1398 1132 1464 unde
1157 1399 1228 1464 haec
1247 1400 1372 1486 gratia,
1395 1423 1454 1465 seu

326 1511 378 1577 hae
401 1511 603 1578 dimissoriae
631 1535 700 1576 non
726 1519 864 1578 cessant
892 1519 1000 1578 morte
1034 1512 1265 1578 concedentis.
1287 1551 1331 1562 -
1354 1513 1454 1577 Atta-

327 1649 422 1710 men,
448 1627 478 1692 si
501 1625 668 1691 ordinatio
693 1624 847 1691 iacienda
872 1626 916 1692 sit
939 1625 975 1691 in
995 1625 1134 1692 dioecesi
1158 1625 1309 1715 episcopi
1332 1626 1454 1691 desun-

326 1741 388 1822 cti,
424 1741 603 1830 episcopus
637 1739 855 1805 ordinaturus
886 1740 1058 1806 tenebitur
1092 1739 1216 1806 habere
1248 1729 1454 1806 consensum

326 1853 443 1920 vicarii
462 1853 676 1944 capitularis,
694 1877 736 1919 ex
756 1877 853 1921 conc.
875 1853 981 1937 Trid,
999 1877 1073 1942 cap.
1096 1855 1213 1938 Nulli,
1231 1855 1268 1936 5,
1287 1877 1371 1919 sess.
1389 1853 1452 1932 Vl,

328 1967 380 2034 Du
400 1989 471 2034 nur.
492 2005 537 2018 -
556 1967 595 2033 ln
614 1968 706 2036 dicto
726 1992 824 2050 casu,
845 1967 1034 2034 curandum
1054 1975 1122 2051 est,
1144 1968 1187 2034 ad
1210 1967 1367 2034 vitandas
1391 1967 1455 2032 dil-

327 2081 513 2162 ficultates,
534 2090 573 2148 ut
592 2082 767 2171 deputatio
787 2083 938 2171 episcopi
958 2083 1147 2148 ordinaturi
1166 2083 1226 2148 fiat
1244 2083 1279 2147 in
1299 2083 1452 2170 scriptis,

328 2195 384 2262 vel
402 2195 525 2261 saltem
544 2219 659 2262 coram
678 2195 837 2263 testibus.

373 2309 407 2374 4⁰
429 2309 531 2390 Quod
554 2309 684 2376 dictum
707 2317 760 2376 est
783 2309 825 2376 de
850 2319 957 2376 morte
984 2309 1202 2376 concedentis
1228 2310 1454 2390 dimissorias,

328 2421 510 2489 dicendum
535 2431 589 2489 est
614 2425 716 2489 etiam
742 2425 784 2489 de
811 2425 1032 2511 depositione,
1062 2424 1284 2490 translatione
1290 2475 1301 2510 ,
1332 2447 1458 2490 renun-

330 2537 484 2622 tiatione,
511 2561 579 2603 uno
604 2537 725 2619 verbo,
749 2538 790 2603 de
814 2539 1061 2626 quovismodo
1086 2563 1153 2628 quo
1177 2545 1288 2605 cesset
1311 2538 1458 2604 cilicium

330 2651 513 2741 superioris
537 2652 753 2720 dimittentis.
784 2651 882 2719 Unde
912 2653 941 2720 si
969 2661 1091 2743 agatur
1114 2656 1155 2719 de
1179 2652 1305 2720 vicario
1331 2654 1459 2742 capitu-

330 2765 409 2848 lari,
432 2766 633 2832 dimissoriae
653 2766 695 2833 ab
715 2767 790 2856 ipso
810 2791 980 2833 concessae
1004 2790 1072 2832 non
1093 2775 1228 2834 cessant
1246 2791 1308 2856 per
1326 2773 1458 2855 captam

332 2881 584 2968 possessionem
602 2880 709 2961 sedis,
732 2903 752 2944 a
776 2901 866 2945 novo
886 2879 1045 2968 episcopo
1064 2887 1249 2968 peractam.

379 2996 412 3060 5⁰
431 2994 639 3060 Dimissoriae
655 3000 803 3076 cessant,
821 2994 877 3060 vel
891 3016 957 3080 per
976 2994 1110 3079 tapsum
1130 2993 1303 3080 temporis,
1321 2992 1349 3058 si
1369 2992 1460 3082 quod

334 3113 470 3197 tempus
495 3108 528 3172 in
552 3108 601 3173 eis
625 3108 838 3194 assignatum
863 3107 979 3188 luerit,
1006 3107 1063 3172 vel
1089 3131 1150 3196 per
1174 3109 1416 3173 revocationem
1441 3129 1460 3171 a

335 3220 489 3308 legitimo
508 3221 681 3310 superiore
700 3228 886 3310 peractam.

382 3447 450 3518 66.
470 3486 515 3498 -
531 3450 605 3520 Jus
624 3447 794 3537 speciale
812 3447 944 3536 quoad
968 3447 1217 3518 dimissorias
1240 3447 1462 3518 ultramon-

337 3568 524 3640 tanorum
542 3564 586 3631 in
605 3562 721 3632 Italis
741 3561 1073 3632 ordinandorum.

384 3678 419 3742 l⁰
437 3677 485 3744 Ut
502 3677 775 3742 ultramontanas
794 3676 942 3742 ordinari
961 3677 1070 3764 possit
1089 3675 1124 3740 in
1144 3675 1259 3758 ltalia,
1281 3699 1403 3764 nempe
1421 3675 1462 3740 ab

339 3789 508 3880 episcopis
541 3789 663 3874 ltaliae,
698 3813 769 3855 non
802 3790 976 3856 sufficiunt
1008 3789 1211 3856 dimissoriae
1245 3813 1463 3878 quaecumque

339 3905 467 3994 proprii
490 3905 657 3993 episcopi;
685 3905 744 3970 sed
768 3905 906 3994 insuper
928 3905 992 3970 tria
1012 3905 1232 3994 requiruntur
1254 3923 1262 3972 :
1287 3904 1318 3971 l.
1345 3903 1390 3970 Ut
1413 3903 1463 3968 hae

340 4018 540 4084 dimissoriae
570 4019 697 4106 proprii
728 4019 878 4108 episcopi
904 4019 1029 4085 dentur
1055 4021 1090 4084 in
1115 4020 1266 4105 scriptia,
1295 4025 1331 4083 et
1360 4018 1465 4083 conti-

339 4139 445 4199 neant
477 4159 493 4194 a
530 4155 667 4197 causam
705 4133 956 4214 rationabilem,
990 4155 1095 4220 quare
1133 4131 1245 4221 ipsum
1283 4131 1370 4196 nolit
1408 4139 1466 4197 aut

340 4254 486 4337 nequeat
505 4246 660 4312 ordinare
680 4267 715 4328 »;
739 4245 830 4335 quod
848 4252 984 4312 constat
1002 4269 1161 4334 expresse
1181 4269 1255 4334 cep.
1277 4245 1372 4332 Saepc
1391 4267 1465 4310 con-
