3270 5050
339 463 476 529 'sunna
494 473 669 525 DOCTRINAE
688 464 879 520 carnotlcAE
898 460 942 512 DE
961 447 1140 508 ORDINIBUS
1297 437 1312 487 a

188 647 268 713 pus,
287 643 461 708 nunquam
477 615 655 707 presbyter
668 620 728 678 aut
746 611 849 689 alius,
863 645 908 656 -
922 605 954 668 2.
972 600 1023 666 Ex
1043 594 1119 661 aliis
1139 587 1237 654 libris
1256 589 1315 649 aut

191 736 433 818 monumentis,
456 733 498 798 ad
518 729 705 796 Ecclesiam
725 721 934 792 Orientalem
951 704 1217 804 pertinentibus,
1240 721 1314 787 quar

190 851 355 918 exhibent
373 847 554 914 Renaudot
574 852 608 910 et
626 842 781 910 Morinus
795 843 817 920 ¹,
838 837 874 902 in
893 830 1033 922 quibus,
1055 847 1098 890 ex
1121 815 1242 909 quavis
1260 836 1315 878 ec-

190 965 293 1030 clesia
318 969 378 1028 aut
401 969 494 1026 secta
516 957 739 1047 proveniunt,
761 972 895 1039 semper
919 944 1098 1033 episcopus
1121 928 1316 1023 perhibetur

190 1059 407 1144 consecrator
425 1075 677 1164 episcoporum,
694 1067 987 1157 presbyterorum,
1005 1061 1064 1122 aut
1078 1050 1314 1120 diaconorum3

189 1232 234 1242 -
254 1194 286 1259 3.
310 1193 363 1256 Ex
380 1213 447 1256 usu
471 1187 634 1252 hodierno
653 1181 856 1261 universali,
878 1175 937 1265 qui
961 1168 1069 1238 oculis
1087 1162 1240 1230 omnium
1259 1153 1316 1221 ob-

190 1313 349 1372 versatur
357 1309 380 1371 ³.

237 1421 272 1487 d.
298 1419 515 1486 Auctoritate
541 1415 673 1481 concilii
705 1412 815 1494 Trtd,
846 1405 954 1496 quod,
983 1402 1083 1490 juxta
1112 1387 1318 1482 praeteritam

192 1535 431 1614 traditionem,
453 1531 571 1597 delinit
588 1532 676 1611 (can.
695 1529 727 1608 7,
749 1548 833 1590 sess.
850 1517 981 1598 XXIII,
999 1516 1051 1580 De
1070 1506 1222 1593 camuel:
1245 1531 1260 1562 «
1284 1499 1319 1564 Si

193 1651 271 1738 quis
291 1648 415 1713 dixerit
433 1647 611 1734 episcopos
629 1665 698 1708 non
719 1663 793 1706 esse
812 1631 1021 1726 presbyteris
1041 1624 1248 1713 superiores,
1264 1615 1321 1680 vel

195 1787 263 1830 non
283 1764 408 1828 Iaabere
426 1767 629 1847 potestatem
652 1753 878 1842 confirmandi
898 1757 931 1814 et
954 1739 1152 1822 ordinandi,
1174 1734 1225 1800 oet
1248 1753 1320 1796 eam

194 1901 303 1966 quam
332 1878 472 1960 liabent,
503 1875 570 1940 illis
601 1895 668 1937 esse
695 1893 774 1936 cum
805 1861 1017 1953 preshyteris
1044 1869 1318 1928 communem,...

195 1991 378 2057 anathema
398 1989 454 2055 sit.
480 2017 495 2049 ιι
1132 1943 1135 1956 ¹

245 2105 333 2171 Cum
353 2125 450 2192 ergo,
469 2103 569 2190 juxta
586 2123 688 2166 usum
708 2095 887 2174 Ecclesiae,
910 2109 1085 2177 nunquam
1109 2082 1197 2147 facta
1223 2072 1324 2141 fuerit

198 2219 384 2300 ordinatio,
409 2217 452 2282 de
476 2240 543 2306 qua
566 2216 690 2303 agitur,
717 2236 735 2278 a
761 2206 907 2296 simplici
930 2201 1146 2294 presbytero,
1173 2215 1216 2258 ne
1239 2197 1324 2255 tem-

199 2357 280 2423 pore
312 2333 450 2421 quidem
479 2330 636 2396 maximae
666 2324 879 2392 necessitatis
909 2327 969 2386 aut
999 2307 1261 2405 persecutionis
1292 2310 1326 2366 et

200 2453 338 2514 econtra
359 2445 505 2534 simplex
524 2442 682 2510 sacerdos
705 2461 839 2527 semper
858 2433 993 2500 habItus
1012 2427 1114 2495 fuerit
1130 2430 1170 2489 ut
1188 2417 1325 2485 omnino

202 2563 347 2649 incapax
376 2561 478 2649 hujus
502 2556 742 2636 ordinationis,
768 2547 1040 2618 concludendum
1064 2549 1118 2608 est
1145 2533 1325 2612 discrimen

201 2676 290 2740 Inter
316 2674 553 2762 presbyterum
579 2679 614 2737 et
639 2669 851 2759 episcopum,
877 2663 1007 2728 ratione
1033 2651 1213 2746 potestatis
1237 2647 1327 2712 ordi-

202 2789 274 2869 nis,
296 2811 365 2854 non
390 2778 470 2852 oriri
489 2810 531 2852 ex
550 2807 644 2850 mero
659 2783 736 2872 jure
756 2777 1003 2857 ecclesiastico,
1025 2769 1117 2860 quod
1135 2760 1328 2830 variationi-

204 2903 269 2968 bus
295 2911 330 2968 et
355 2899 634 2990 temperamentis
656 2896 825 2985 subjacet,
854 2891 914 2957 sed
940 2913 982 2954 ex
1007 2887 1084 2976 jure
1111 2879 1242 2958 divino,
1271 2881 1329 2940 aut

205 3018 336 3105 potius,
354 3025 393 3082 ut
411 3014 600 3080 accuratius
614 3014 747 3100 loquar,
764 3033 806 3073 eu
825 3009 896 3093 ipsa
915 3006 947 3069 oi
965 2995 1167 3068 sacramenti
1187 2991 1328 3071 ordinis,

207 3131 355 3196 instituti
374 3154 393 3195 a
409 3130 563 3212 Christo,
581 3127 674 3214 quod
694 3126 860 3210 majorem
875 3117 1051 3209 episcopis,
1070 3113 1235 3176 minorem
1250 3126 1330 3191 pre-

206 3247 355 3333 sbyteris
373 3249 508 3330 confert
522 3249 736 3328 potestatem.

254 3470 293 3537 3·
320 3505 365 3517 -
393 3467 646 3536 Diaconatus.
670 3501 715 3512 -
746 3460 875 3524 Praeor
904 3451 1147 3532 sacerdotium,
1182 3445 1331 3509 esistunt

210 3583 311 3647 etiam
329 3583 415 3668 jure
439 3580 552 3645 divino
572 3577 738 3658 micistri,
761 3593 878 3657 nempe
897 3567 1044 3651 diaconi,
1067 3563 1128 3650 qui
1151 3556 1333 3626 sacerdoti-

213 3698 274 3762 bus
299 3696 498 3778 ioseroiant,
524 3693 625 3758 etad
647 3691 797 3755 divinem
821 3684 951 3750 ordinis
978 3677 1205 3745 hierarchiam
1227 3670 1333 3758 perti-

213 3819 324 3876 neant.
345 3849 389 3859 —
409 3804 695 3896 Haec'propositio
720 3809 773 3868 cst
795 3799 912 3866 contra
933 3794 1129 3874 Calvinum,
1152 3773 1210 3878 qui
1229 3806 1334 3874 agno-

246 3989 253 4022 ¹
273 3987 428 4045 Renaudot,
444 3981 602 4048 Perpttnitd
616 3965 650 4031 de
668 3981 694 4030 la
707 3977 778 4041 foi...
795 3991 844 4026 sur
864 3975 902 4024 tes
920 3971 1099 4028 sacrements,
1119 3968 1167 4016 lib.
1184 3966 1217 4024 V,
1233 3979 1256 4012 c.
1273 3974 1333 4020 vm3

213 4068 312 4130 Ilignc
330 4069 349 4115 t.
365 4081 401 4124 ru,
417 4065 469 4113 col.
485 4065 602 4121 ets-9533
618 4089 645 4096 -
661 4059 792 4114 Morinos,
808 4055 846 4104 De
860 4053 947 4104 sacris
961 4048 1088 4122 Ecclesia
1103 4039 1334 4096 ordinationibus,

215 4150 285 4209 part.
301 4143 341 4202 II,
357 4143 529 4205 Antuerpioe,
546 4143 620 4198 1695,
635 4153 662 4202 p.
679 4143 709 4184 15
724 4151 765 4198 sq.

245 4225 257 4260 ²
272 4223 351 4271 Hunc
366 4236 444 4271 usum
459 4235 509 4269 sno
524 4224 646 4282 tempore
661 4219 734 4264 recte
749 4211 903 4276 exponebat
914 4209 993 4272 Ilugo
1004 4222 1018 4256 a
1030 4206 1056 4256 S.
1069 4204 1188 4259 Victore,
1199 4199 1238 4248 De
1248 4209 1337 4246 sacra-

219 4301 327 4359 mentis,
342 4301 390 4350 Iib.
404 4299 442 4360 II,
459 4301 529 4362 part.
544 4295 582 4355 II,
598 4311 621 4344 c.
636 4307 666 4354 v;
682 4293 787 4355 Mignc,
804 4291 833 4340 P.
850 4291 893 4347 L.,
910 4292 935 4337 t.'
946 4302 1054 4344 cnxxvr,
1072 4283 1124 4332 col.
1141 4284 1195 4330 419.
