3246 5052
1289 389 1303 432 t

354 457 406 506 512
692 462 735 511 DE
755 461 884 512 nirravs
904 459 1140 512 onolutnoms

353 603 557 678 orationem,
580 628 655 692 quae
676 605 860 668 vocabatur
878 604 960 668 olim
979 605 1183 668 consecratio
1202 603 1355 670 diaconi.
1380 627 1478 690 quam

353 739 441 782 nunc
472 741 632 783 vocamus
661 719 919 804 I’reesationem‚
950 718 984 782 in
1022 741 1090 805 qua
1120 725 1200 783 sunt
1233 717 1303 781 haec
1338 717 1446 782 verba
1471 737 1477 782 :

354 832 481 896 Emitte
506 835 540 897 in
565 857 635 913 eos,
662 855 872 918 quaesumus,
901 833 1060 914 Domine,
1093 833 1263 918 Spiritum
1292 831 1477 912 Sanctum,

352 969 420 1032 quo
441 949 475 1010 ia
495 970 578 1032 opus
598 948 789 1028 ministerii,
807 953 886 1026 eto,
904 969 997 1034 quie,
1011 947 1110 1034 juxta
1130 946 1192 1011 hos
1212 953 1385 1026 auctores,
1408 970 1480 1033 pro-

353 1060 520 1148 priissime
558 1061 700 1124 sormam
739 1061 965 1127 constituunt.
1011 1060 1061 1124 lta
1095 1060 1264 1140 Morinus‚
1299 1061 1476 1136 Vuitassc,

352 1175 476 1239 lnenin
490 1179 512 1253 ¹,
534 1183 597 1238 etc.

397 1291 429 1354 2.
465 1291 551 1354 Huic
581 1290 760 1376 posteriori
792 1290 971 1354 sententiae
1005 1297 1167 1376 tanquam
1195 1287 1478 1376 probabilissima¹

353 1403 521 1468 calculum
542 1403 770 1489 adjiciendum
786 1427 919 1467 censeo.
944 1403 1031 1467 Nam
1055 1423 1062 1469 :
1089 1443 1132 1451 -
1156 1427 1186 1467 a.
1218 1401 1329 1467 Verba
1355 1403 1478 1487 Accipe

352 1521 522 1604 Spiritum
555 1521 737 1591 Sanctum,
766 1525 846 1598 eto,
879 1518 1049 1582 recentius
1073 1517 1186 1594 addita
1221 1526 1302 1582 sunt
1333 1517 1477 1581 orationi

353 1633 608 1698 consecratoria.
635 1633 785 1711 diaconi,
816 1639 854 1698 ut
883 1639 1018 1696 constat
1046 1655 1088 1696 ex
1114 1631 1214 1696 dictis
1241 1655 1274 1695 n.
1306 1631 1405 1714 202,
1432 1633 1474 1708 5⁰,

354 1749 459 1834 2113
480 1749 548 1810 imo
569 1755 622 1811 sat
646 1745 734 1810 male
756 1753 872 1810 assuta
892 1753 973 1811 sunt
999 1747 1163 1822 orationi;
1185 1753 1368 1833 postquam
1389 1747 1475 1809 enim

353 1863 532 1949 episcopus
555 1861 626 1947 jam
656 1861 749 1924 dedit
788 1860 952 1948 Spiritum
982 1859 1145 1924 Sanctum
1181 1883 1240 1946 per
1276 1859 1348 1924 haec
1377 1857 1473 1924 verba

353 1978 476 2061 Accipe
500 1975 669 2060 Spiritum
694 1977 875 2058 Sanctum,
901 1975 1013 2062 pergit
1044 1997 1161 2061 rogare.
1188 1975 1298 2038 Deum
1321 1972 1473 2037 utillum

270 2103 273 2112 '
354 2091 484 2170 mittat,
512 2090 602 2176 quod
628 2089 805 2153 manifeste
829 2088 943 2175 prodit
967 2088 1135 2152 infelicem
1162 2087 1471 2174 interpolationem;

353 2245 395 2253 -
416 2206 447 2268 11.
463 2204 543 2268 Haec
559 2203 660 2268 rerba
681 2205 805 2288 :tccipe
820 2203 990 2288 Spiritum
1009 2202 1185 2281 Sanctum,
1200 2203 1244 2266 ad
1258 2203 1378 2284 robur,
1396 2210 1471 2266 etc..

353 2341 420 2382 non
442 2319 614 2383 sufficiunt
634 2319 677 2382 ad
697 2318 970 2382 constituendam
990 2317 1133 2381 sormam
1157 2317 1374 2396 diaconatus;
1397 2323 1471 2380 sunt

353 2433 443 2496 enim
477 2433 578 2498 nimis
604 2433 792 2518 generalia,
824 2439 858 2496 et
886 2431 1066 2496 convenire
1093 2441 1237 2518 possunt
1271 2432 1372 2496 etiam
1403 2429 1472 2494 aliis

353 2546 543 2619 ordinibus,
567 2547 635 2610 imo
656 2555 690 2610 ct
709 2545 785 2610 aliis
810 2547 1045 2626 sacramentis,
1068 2570 1101 2609 v.
1123 2568 1172 2630 g.,
1195 2545 1441 2610 confirmationi
1450 2545 1470 2605 ¹.

399 2775 494 2843 269.
514 2814 557 2823 -
577 2776 805 2850 Quaeritur:
834 2777 875 2842 2⁰
896 2775 1057 2848 Quanam
1079 2777 1123 2840 sit
1142 2781 1256 2859 sorum
1281 2775 1472 2838 diaconatus

355 2892 387 2952 in
408 2890 557 2953 Ecclesia
577 2890 745 2952 orientali.

398 3005 522 3088 Hesp:
555 3003 585 3066 l.
617 3003 812 3088 chicienda
840 3011 891 3067 est
924 3005 1037 3090 opinio
1062 3003 1203 3067 Arcudii
1231 3027 1306 3091 quac
1335 3003 1470 3066 sormam

353 3118 552 3182 diaconatus
580 3117 733 3203 assignat
759 3116 939 3182 formulam
966 3117 1088 3181 Divina
1113 3119 1244 3202 pratia,
1267 3125 1406 3204 propter
1424 3139 1471 3181 ar·

353 3239 515 3316 gumenta
536 3253 635 3316 supra
656 3229 777 3312 allata,
799 3253 833 3294 n.
858 3230 961 3318 2603
986 3269 1031 3279 -
1049 3231 1080 3295 2.
1111 3233 1237 3296 Amota
1265 3231 1324 3295 illa
1351 3231 1469 3308 torma,

354 3368 421 3408 non
442 3351 593 3408 remanet
617 3345 682 3408 nisi
702 3345 808 3408 oratio
828 3345 1094 3426 consecratoria,
1118 3369 1193 3432 quae
1213 3345 1395 3409 comitatur
1414 3345 1471 3408 im-

353 3459 556 3546 positionem
576 3481 749 3523 manuum.

385 3649 393 3681 ¹
412 3650 547 3706 Mor-inus,
564 3651 674 3698 exercit.
692 3665 730 3706 rs,
747 3667 770 3698 c.
788 3666 818 3707 ιι,
835 3665 861 3697 ιι.
878 3657 904 3701 2.
921 3667 947 3712 p.
968 3656 1023 3705 1³7,
1040 3651 1101 3698 licet
1118 3651 1161 3698 hic
1179 3653 1270 3699 statim
1286 3651 1381 3708 addat,
1399 3651 1469 3712 juxta

353 3729 515 3789 singularem
536 3728 586 3774 sibi
607 3729 744 3790 propriam
764 3729 933 3790 opinionem,
955 3730 1076 3791 potuisse
1092 3729 1239 3777 Ecclesiam
1259 3729 1358 3777 addere
1381 3729 1469 3777 rerba.

352 3806 450 3869 Accipe
465 3805 597 3868 Spiritum
611 3808 752 3864 Sanctum,
767 3811 829 3864 etc,
846 3807 897 3854 sub
912 3821 993 3869 poena
1007 3809 1153 3863 nullitatis;
1167 3835 1194 3843 —
1209 3809 1344 3866 inflasse,
1357 3809 1406 3858 loc.
1419 3807 1469 3859 cit..

353 3900 378 3946 q.
396 3901 435 3942 ur,
452 3889 502 3933 art.
519 3891 540 3940 3,
557 3899 583 3946 p.
599 3888 656 3944 aaa
673 3913 702 3922 -
717 3883 829 3935 Jucnin.
848 3885 897 3933 loc.
913 3885 969 3942 cit,
986 3901 1011 3948 q.
1029 3901 1064 3934 iv.
1081 3903 1103 3934 c.
1121 3903 1161 3944 in,
1177 3903 1204 3950 p.
1218 3892 1273 3934 927.

385 3965 395 3998 ²
413 3963 471 4011 lloc
491 3964 571 4011 etiam
592 3964 784 4011 animadvertit
800 3964 934 4026 l'asqucz.
955 3963 1004 4012 loc.
1021 3965 1080 4019 cit,
1097 3967 1167 4028 disp.
1184 3965 1383 4022 ccxxxviii.
1400 3983 1421 4014 c.
1438 3981 1468 4018 ιι,

354 4057 379 4089 n.
396 4049 438 4100 39,
455 4058 480 4104 p.
496 4046 550 4088 ata.
