3294 5054
517 559 561 608 DE
580 555 807 608 ORDINATIONE
826 557 1045 608 REGULARIUM
1292 555 1342 607 393

218 703 253 767 in
273 702 465 784 Brieinen„
488 699 530 766 28
558 723 637 766 nov.
660 707 695 765 et
722 698 763 764 12
786 699 858 764 dec.
883 699 984 778 17333
1008 723 1085 764 curn
1112 701 1202 766 enim
1223 701 1343 788 quaesi·

219 824 292 882 tum
312 821 402 880 esset
424 835 432 881 τ
455 843 470 876 «
494 815 526 880 2.
549 815 605 879 An
625 813 781 879 monachi
796 813 948 900 ejusdem
968 815 1176 896 monasterii,
1194 815 1236 880 ad
1256 815 1344 879 ordi-

218 952 279 994 nes
306 929 547 1017 promovendi,
569 935 691 1016 praeter
711 927 842 993 litteras
862 926 1138 1009 obedientiales¹‚
1163 935 1345 994 teneantur

219 1043 377 1108 exhibere
406 1042 585 1109 Ordinario
621 1041 814 1109 Brixinensi
846 1041 949 1107 fidem
975 1043 1028 1107 sui
1060 1042 1277 1130 baptismatis
1301 1042 1343 1106 ad

219 1157 410 1223 docendum
444 1157 486 1222 de
515 1157 667 1244 legitima
700 1163 818 1236 aetate,
851 1185 867 1218 »
902 1157 1079 1243 respondit
1117 1155 1150 1222 S.
1187 1156 1341 1244 Congu:

221 1299 236 1332 a
264 1272 319 1336 Ad
346 1271 380 1336 2.
412 1271 591 1357 Nepatim,
623 1269 806 1335 dummodo
839 1269 874 1334 in
904 1271 1028 1336 litteris
1061 1269 1344 1336 obedientialibus

220 1385 430 1473 exprimatur
448 1391 530 1450 aetas
546 1391 566 1451 ².
594 1413 610 1446 »

264 1501 297 1566 3⁰
311 1499 434 1565 Utrum
445 1500 624 1587 episeopus
641 1507 796 1564 teneatur
807 1499 1011 1586 Regularem
1031 1499 1256 1564 ordinandum
1267 1521 1345 1564 exa-

219 1613 366 1694 minare,
392 1613 448 1678 vel
469 1616 578 1699 possit
605 1622 695 1678 stare
719 1615 926 1678 attestationi
951 1613 1137 1699 superioris
1161 1613 1342 1698 reputaris,

219 1726 364 1791 dicentis
394 1725 444 1812 (v.
467 1750 517 1812 g.,
544 1729 577 1792 in
603 1726 726 1792 litteris
755 1725 978 1814 dimissoriis)
1002 1748 1144 1792 examen
1169 1725 1242 1813 jam
1271 1747 1357 1799 essev

219 1838 363 1904 feliciter
388 1847 580 1926 peractum,
610 1840 884 1905 controvertitur.
907 1879 950 1888 -
975 1839 1047 1904 Alii
1073 1839 1190 1904 dicunt
1217 1839 1346 1926 episco-

219 1976 301 2042 pum
322 1955 427 2018 teneri
446 1953 490 2018 ad
512 1953 716 2042 Regularem
744 1953 1023 2035 examinandum,
1046 1952 1126 2018 licet
1154 1952 1225 2040 jam
1246 1951 1347 2016 luerit

220 2067 451 2148 examinatus,
474 2077 713 2154 argumentum
742 2067 916 2132 deducunt
946 2090 987 2132 ex
1012 2065 1145 2131 duobus
1176 2067 1233 2131 cit.
1262 2067 1345 2132 locis

220 2181 356 2245 concilii
375 2181 465 2246 Trid.
489 2188 523 2246 et
549 2181 676 2247 decreti
702 2181 923 2260 Clementini,
946 2204 1022 2268 quae
1051 2186 1218 2245 assertum
1244 2181 1345 2267 plane

221 2293 452 2360 demonstrare
488 2295 664 2376 videntur3
702 2295 750 2360 ita
784 2295 903 2374 Petra,
939 2295 1094 2380 Riganti,
1129 2295 1347 2374 Honorante,

220 2407 342 2488 Bouix,
360 2407 534 2496 Gasparri,
552 2413 616 2474 eto.
630 2410 651 2471 ³.
665 2447 709 2456 -
723 2407 794 2472 Alii
810 2407 929 2472 dicunt
943 2409 1142 2496 episcopum
1158 2430 1223 2472 non
1242 2408 1347 2470 teneri

220 2521 263 2616 ad
282 2544 424 2586 examen
448 2520 658 2604 faciendum,
680 2521 740 2586 sed
769 2544 869 2608 posse
897 2529 987 2586 stare
1013 2521 1226 2587 attestationi
1246 2544 1346 2608 supe-

220 2634 318 2698 rioris
350 2635 547 2720 Regularis,
578 2635 746 2722 praecipue
777 2641 915 2722 propter
944 2634 1031 2699 duo:
1060 2638 1090 2700 l.
1120 2633 1215 2700 Sicut
1241 2633 1344 2714 enim,

215 2747 315 2834 juxta
336 2770 470 2828 omnes,
493 2749 673 2836 episcopus
694 2770 762 2813 non
783 2755 918 2813 tenetur
939 2771 1081 2814 examen
1100 2770 1261 2836 peragere
1283 2770 1347 2832 per

219 2885 253 2927 se
274 2864 401 2947 ipsum,
424 2862 483 2926 sed
509 2868 623 2949 potest
650 2861 735 2927 illud
765 2862 875 2927 facere
899 2863 1102 2948 paralium,
1131 2861 1344 2941 saecularein,

220 2982 279 3040 eut
298 2974 501 3062 regularem,
519 2976 565 3040 ita
585 2983 698 3064 potest
718 2998 860 3041 examen
871 2977 943 3063 jam
964 2974 1089 3041 factum
1106 2997 1347 3062 recognoscere

220 3099 254 3156 et
279 3090 377 3178 quasi
405 3097 517 3154 ratum
547 3089 688 3170 habere3
719 3113 825 3155 unum
858 3091 966 3172 eninr,
998 3113 1040 3154 ex
1069 3097 1183 3155 mente
1212 3088 1347 3154 concilii

220 3203 310 3268 Trid.
334 3211 367 3268 et
387 3203 588 3284 Clementia,
610 3203 804 3292 requiritur,
827 3226 948 3291 nempe
968 3209 1006 3268 ut
1027 3205 1185 3291 episcopo
1201 3203 1345 3291 juridice
1435 3237 1438 3242 ·

220 3325 367 3398 constet,
401 3317 628 3382 ordinandum
662 3319 804 3383 scientia
837 3317 998 3404 requisita
1031 3317 1210 3405 praeditum
1248 3337 1342 3395 esse;

219 3454 319 3519 porro
350 3431 413 3496 hoo
444 3453 522 3496 vere
555 3431 713 3519 episcopo
740 3431 885 3518 juridice
917 3438 1067 3510 constat,
1097 3431 1125 3495 si
1157 3432 1191 3495 in
1221 3431 1344 3496 litteris

221 3544 423 3609 dimissoriis
438 3551 602 3629 agnoscat
616 3567 758 3609 examen
771 3567 845 3609 esse
865 3543 1003 3626 lactum,
1022 3544 1173 3633 illudque
1189 3567 1343 3624 examen,

220 3659 362 3724 attentis
388 3659 571 3747 superioris
600 3657 785 3747 probitate,
807 3659 991 3744 gravitate,
1021 3666 1100 3740 ete,
1127 3665 1347 3745 recognoscat

220 3780 399 3860 ratumque
421 3771 559 3851 habeat,
583 3811 625 3822 --
644 3772 676 3838 2.
705 3772 854 3854 Pariter,
876 3773 965 3837 sicut
985 3772 1165 3860 episcopus
1186 3773 1347 3837 ordinans

254 3983 261 4016 ¹
281 3983 384 4046 Nempe
399 3981 604 4031 dimissor-istos.

253 4061 264 4095 ²
284 4061 453 4117 Thesaurus,
470 4065 489 4109 t.
504 4075 544 4120 vr,
561 4077 587 4124 p.
605 4065 663 4120 199,
681 4063 802 4109 tlt-tlt.

253 4140 263 4174 ³
282 4139 524 4196 Petra,1nconst.
542 4153 586 4187 an.
605 4137 709 4188 Urbani
724 4138 762 4188 H.
779 4141 845 4186 sect.
863 4153 893 4196 ιι,
911 4154 936 4186 ιι.
953 4141 996 4196 tl,
1013 4154 1038 4200 p.
1055 4144 1112 4193 193,
1126 4139 1172 4200 qui
1188 4141 1277 4186 tumen
1293 4137 1348 4186 sere

221 4217 293 4266 redit
312 4217 346 4266 ad
364 4217 477 4266 alteram
498 4217 667 4278 opinionem,
685 4243 712 4252 —
734 4216 855 4278 Riganti,
875 4215 924 4264 loc.
943 4215 999 4273 cit,
1021 4231 1046 4266 n.
1067 4221 1112 4264 283
1131 4231 1180 4278 sq.,
1202 4231 1228 4278 p.
1244 4221 1303 4274 375,
1320 4243 1348 4252 -

223 4295 394 4354 llonorante,
411 4309 433 4343 c.
449 4309 497 4352 xu,
514 4297 569 4342 not.
586 4300 609 4352 2,
625 4299 825 4357 p.1117-1l8;-
843 4294 941 4352 Bouix,
958 4294 995 4342 De
1011 4294 1148 4358 episcopo,
1163 4299 1183 4343 t.
1200 4309 1230 4352 n,
1248 4310 1273 4356 p.
1288 4299 1348 4354 209;

224 4400 251 4409 -
269 4373 410 4436 Gasparri,
427 4387 453 4420 n.
470 4377 529 4430 753,
546 4375 566 4420 t.
583 4387 613 4429 u,
631 4389 656 4436 p.
674 4377 711 4421 st.
