3294 5054
499 531 543 580 DE
561 531 789 582 ORDINATIONE
808 533 1025 584 unoumntvn
1273 534 1328 588 385

199 671 289 737 Sede
308 671 493 758 apostolica
517 673 664 760 gratiam
682 681 716 739 et
736 677 1009 740 communionem
1032 677 1227 758 habentem,
1250 702 1324 761 seu,

200 785 293 874 quod
312 785 402 850 idem
423 795 491 866 est,
515 789 698 874 recipiendi
717 791 851 854 ordines
870 814 888 854 c
913 812 1147 878 quocumque,·
1166 793 1242 856 oIiis
1261 793 1330 858 hoc

199 900 418 988 privilegium
437 909 509 966 erat
533 903 657 966 directe
681 925 897 984 concessum,
919 905 995 969 aliis
1018 929 1079 993 per
1097 907 1328 972 communice-

200 1015 346 1095 tionem;
372 1039 450 1103 quae
477 1015 591 1080 omnia
613 1016 792 1104 privilegia
822 1041 1004 1107 suppressa
1030 1028 1110 1085 sunt
1135 1044 1155 1084 a
1183 1021 1332 1086 concilio

201 1129 414 1194 Tridentino.
435 1129 519 1194 Post
538 1137 653 1196 autem
676 1131 873 1214 concilium,
897 1132 1036 1221 quidam
1056 1133 1200 1199 Ordines
1218 1135 1330 1224 impe-

201 1249 335 1307 trarunt
359 1267 378 1307 a
411 1243 498 1308 Sede
529 1244 716 1332 apostoIica
743 1248 991 1310 renovationem
1018 1270 1078 1312 seu
1101 1251 1332 1332 confirmatio-

202 1381 279 1421 nem
299 1357 381 1422 dicti
400 1357 582 1444 privilegii,
605 1351 703 1422 antea
724 1360 891 1440 concessi3
914 1361 1014 1441 item,
1036 1367 1112 1448 post
1132 1363 1327 1445 concilium,

202 1471 266 1536 hoc
284 1471 502 1558 privilegium
521 1473 564 1536 de
583 1495 672 1536 novo
687 1495 887 1538 concessum
908 1481 960 1538 est
979 1474 1183 1562 quibusdam
1195 1476 1331 1541 Ordini-

201 1584 279 1667 bus,
300 1609 334 1650 v.
357 1609 407 1672 g.,
429 1585 591 1651 societati
609 1587 703 1666 lesu,
721 1588 756 1650 vi
775 1587 932 1672 Gregorii
945 1588 1025 1653 XIII
1045 1588 1160 1654 brevis
1175 1591 1278 1654 Pium
1297 1600 1330 1656 ct

203 1699 303 1783 utile,
333 1700 377 1764 22
404 1707 490 1788 sept.
522 1700 642 1766 15821.
673 1701 719 1767 Ut
745 1724 825 1788 ergo
851 1703 988 1766 valeant
1015 1703 1103 1767 dicta
1130 1703 1329 1791 privilegia,

201 1814 358 1902 quiedam
377 1814 584 1902 praescripsit
599 1815 805 1880 Benedictus
824 1815 904 1879 XIV
920 1792 954 1880 in
974 1816 1031 1880 eit.
1046 1815 1138 1881 bullo
1158 1817 1330 1902 Impositi,

200 1929 292 2012 513,
314 1936 353 1993 ut
372 1929 527 2016 sequitur
548 1949 555 1996 2

247 2046 283 2106 I⁰
301 2041 337 2107 Si
352 2051 474 2130 agutur
490 2044 532 2108 de
544 2044 731 2131 privilegiis
746 2051 824 2109 ante
838 2044 1020 2108 concilium
1035 2044 1127 2110 Trid.
1142 2046 1328 2128 concessis,

202 2178 271 2220 non
283 2156 400 2222 valent
414 2157 481 2221 nisi
491 2161 691 2242 confirmate
707 2157 832 2223 tuerint
842 2166 921 2246 post
936 2158 1129 2240 concilium,
1144 2159 1329 2247 etquidem

201 2271 456 2337 confirmatione
476 2273 510 2336 in
529 2277 644 2357 forms
662 2273 828 2358 specifice,
845 2272 880 2336 id
898 2281 963 2352 est,
975 2273 1075 2359 juxta
1095 2273 1202 2360 ipsius
1222 2275 1330 2339 Bene-

201 2383 286 2449 dicti
304 2385 425 2465 verba,
453 2408 522 2449 non
541 2387 658 2450 valent
681 2386 749 2449 nisi
773 2386 975 2471 hujusmodi
999 2387 1273 2470 confirmationes
1294 2389 1330 2451 in

201 2503 318 2584 forme
349 2501 500 2584 specifica
532 2522 610 2564 cum
644 2500 785 2564 litterali
813 2501 935 2564 veteris
968 2501 1093 2565 indulti
1127 2502 1326 2584 insertione,

201 2615 346 2700 ejusque
377 2636 532 2698 expresse
568 2615 780 2678 innovatione
809 2618 908 2698 ssctae
939 2615 1196 2699 diqnoscantur.
1229 2613 1332 2680 Unde

201 2751 270 2792 non
290 2721 647 2794 sufficit‘confirmatio
668 2729 702 2792 in
720 2733 836 2813 forms
855 2729 1039 2792 communi.

246 2843 280 2906 2⁰
307 2842 345 2908 Si
373 2849 494 2930 agatur
522 2841 563 2906 de
589 2840 778 2930 privilegiis
806 2849 884 2930 post
913 2841 1094 2906 concilium
1120 2842 1227 2924 Trid.,
1259 2865 1331 2907 non

202 2955 321 3021 volent
339 2957 405 3021 nisi
429 2957 509 3042 ipsis
534 2955 719 3020 Ordinibus
740 2956 942 3019 nominatim
966 2965 1068 3042 alque
1092 2957 1233 3040 directe,
1262 2979 1330 3020 non

202 3080 316 3136 cutem
341 3093 407 3156 per
424 3071 778 3152 communicationem,
805 3091 956 3134 concesse
980 3069 1124 3154 suerint.
1151 3069 1267 3152 Unde,
1294 3071 1330 3136 vi

201 3185 302 3274 hujus
323 3185 555 3272 dispositionis
576 3183 818 3264 Benedictinae,
839 3183 1054 3270 privilegium
1070 3183 1256 3271 reeipiendi
1276 3207 1331 3248 or-

201 3299 300 3365 dines
318 3323 337 3364 e
357 3321 572 3387 quocumque
590 3305 642 3362 est
663 3298 989 3362 incommunicabile.

341 3559 399 3625 IV.
426 3559 532 3623 Vinn
556 3579 696 3632 orssns
719 3579 760 3622 so
786 3578 868 3622 usne
893 3578 955 3622 nun
980 3578 1187 3622 rrnnnnsnr

247 3770 341 3838 161.
357 3808 401 3818 -
412 3769 535 3836 Varie
554 3767 720 3854 quaesite
734 3767 840 3833 cicca
854 3771 1090 3853 presentem
1106 3767 1329 3834 materiem.

247 3887 280 3948 I⁰
310 3884 368 3947 Ad
399 3905 501 3969 quem
538 3883 730 3966 episcopum
762 3881 920 3964 superior
958 3880 1152 3944 monosterii
1185 3879 1329 3944 Nullius

199 3999 318 4064 debeat
341 3999 488 4082 diriqere
507 3995 744 4060 dimissorias?

244 4114 371 4200 Resp.:
396 4111 453 4175 Ad
477 4111 673 4200 episcopum
703 4109 908 4172 viciniorem.
944 4106 994 4172 Ita
1025 4109 1060 4174 S.
1097 4107 1330 4194 Congregutio

232 4272 241 4305 ¹
261 4269 329 4318 Vide
349 4265 510 4316 Institutum
526 4263 667 4314 Socielnlis
681 4264 758 4320 lesu,
779 4263 884 4324 Prugae,
903 4267 972 4318 1757,
993 4267 1012 4310 t.
1033 4279 1052 4319 r,
1070 4279 1096 4325 p.
1115 4266 1153 4309 rt.
1171 4289 1198 4298 -
1214 4261 1255 4309 Cs.
1273 4261 1329 4309 etia

199 4349 341 4414 privilegia
355 4346 428 4410 apud
444 4345 515 4404 Piut,
533 4345 581 4392 loc.
598 4343 653 4400 cit„
671 4357 697 4406 q.
713 4358 761 4400 xn,
778 4357 804 4404 p.
819 4346 873 4390 est.
