3294 5054
351 463 403 514 364
617 466 661 515 DE
680 466 817 518 LEGIBUS
838 466 950 518 SACRAE
970 467 1205 518 onnlnlrlonls

350 623 513 711 obligatio
534 625 750 690 sustentandi
774 627 951 707 clericum,
974 649 1042 690 non
1067 625 1219 690 sufficere
1240 625 1340 712 hujus
1360 625 1475 690 clerici

350 737 486 824 culpam
505 761 662 824 gravem,
684 763 759 827 quae
779 741 898 806 reddat
917 739 1014 804 illum
1035 740 1077 804 ad
1098 740 1323 804 ministerium
1343 739 1474 804 inhahi-

350 853 435 932 lem3
458 852 518 917 sed
546 853 671 940 requiri
691 855 793 918 etiam
823 863 860 918 ut
888 855 1068 942 episcopus
1096 853 1196 940 hujus
1221 854 1329 942 culpae
1358 855 1474 940 gravis

351 993 367 1026 a
382 967 602 1050 probationes
620 975 728 1032 certas
743 968 844 1032 etiam
864 967 1165 1054 extrajudicialiter
1184 967 1393 1054 conquisitas
1409 967 1474 1031 sibi

351 1081 608 1167 comparaverit,
628 1104 712 1168 quas
731 1081 766 1146 in
779 1104 860 1146 casu
879 1105 1035 1146 recursus
1055 1079 1213 1146 exhibere
1232 1081 1345 1146 valeat
1363 1081 1474 1146 Sacrae

352 1193 616 1280 Congregationi
639 1223 654 1255 »
678 1195 810 1281 (supra,
832 1217 866 1260 n.
892 1197 986 1276 145,
1008 1196 1070 1282 3⁰);
1099 1195 1286 1260 cumcuim
1311 1195 1381 1258 haec
1401 1217 1476 1259 ces-

351 1309 437 1372 satio
458 1309 718 1372 sustentationis
738 1309 783 1372 sit
802 1309 899 1396 quasi
919 1332 1032 1396 poena,
1055 1309 1154 1374 datur
1172 1307 1294 1373 clerico
1318 1331 1474 1373 recursus

351 1421 395 1486 ad
421 1421 456 1487 S.
483 1419 791 1508 Congregationcm
821 1423 1066 1511 Episcoporum
1095 1431 1128 1487 et
1155 1422 1392 1509 Regularium,
1418 1421 1474 1486 vel

351 1535 394 1600 ad
414 1535 447 1601 S.
472 1533 778 1622 Congregationem
799 1535 960 1616 Concilii,
987 1538 1030 1602 ad
1055 1560 1157 1624 quam
1181 1537 1321 1624 proinde
1341 1537 1473 1601 mittere

351 1648 488 1714 debebit
507 1651 686 1738 episcopus
701 1651 815 1716 omnia
836 1651 1039 1717 documenta
1059 1651 1101 1715 ad
1120 1673 1191 1714 rem
1212 1651 1425 1738 pertinentia.

552 1927 609 1992 Vl.
637 1928 688 1992 De
708 1949 880 1994 arsurum
905 1930 1064 1995 Eccnesrn
1089 1950 1274 1996 careamus

398 2130 491 2198 149.
511 2169 555 2178 -
573 2129 794 2218 Disciplina
813 2132 1087 2201 Orientalium.

397 2246 431 2306 10
450 2243 658 2326 OrientaleS,
680 2245 771 2332 quod
794 2245 933 2310 titulum
953 2269 1055 2310 sacrae
1080 2245 1301 2310 ordinationis
1321 2231 1469 2330 respicit,

350 2357 480 2421 nullam
508 2357 610 2422 aliam
639 2360 750 2445 legem
784 2359 944 2447 scriptam
979 2367 1122 2441 norunt,
1158 2366 1280 2447 praeter
1309 2379 1470 2422 canonem

350 2479 486 2536 sextum
506 2473 640 2537 concilii
654 2472 953 2539 Chalcedonensis
970 2474 1067 2540 Unde
1086 2473 1142 2538 lex
1162 2473 1288 2560 scripta
1306 2472 1396 2559 apud
1414 2494 1472 2535 eos

350 2593 417 2666 est,
440 2593 477 2650 ut
503 2613 519 2646 α
543 2587 659 2652 nullus
679 2587 849 2652 saecularis
876 2587 1050 2652 ordinetur
1069 2587 1232 2652 diaconus
1257 2593 1315 2650 aut
1335 2583 1473 2674 presby-

350 2707 413 2781 ter,
431 2700 488 2788 qui
507 2723 576 2764 non
600 2699 723 2765 habeat
742 2701 882 2766 titulum
902 2701 1069 2782 ecclesiae,
1091 2701 1180 2765 unde
1205 2699 1311 2764 vitam
1333 2699 1471 2763 honeste

350 2820 541 2878 sustentare
566 2814 674 2900 possit
697 2817 746 2878 »¹.

395 2927 429 2990 2⁰
447 2927 628 3007 Attamen,
651 2928 685 2990 in
705 2951 769 2992 usu
793 2950 921 3009 rerum,
944 2927 1042 2992 hodie
1067 2929 1255 3013 generatim
1275 2927 1471 2992 ordinantur

353 3069 368 3101 a
391 3041 434 3105 ad
452 3041 590 3104 titulum
610 3042 767 3124 diaecesis,
789 3042 836 3105 ita
856 3050 894 3106 ut
913 3041 1089 3107 ordinatus
1105 3043 1162 3129 jus
1181 3041 1305 3108 habeat
1325 3038 1469 3127 applica-

276 3152 278 3164 '
351 3155 453 3219 tionis
488 3155 531 3219 ad
569 3155 707 3242 aliquod
741 3155 889 3220 ossicium
918 3155 1148 3221 dioecesanum
1181 3164 1214 3220 et
1247 3151 1470 3243 perceptionis

350 3267 504 3334 beneficii
533 3292 609 3334 cum
645 3293 684 3334 eo
721 3270 910 3356 conjuncti;
943 3269 1033 3357 quod
1068 3271 1096 3334 si
1130 3293 1197 3333 non
1234 3269 1467 3356 adimpleatur,

350 3384 529 3471 episcopus
549 3385 606 3470 qui
632 3383 818 3464 ordinavit,
846 3383 1039 3449 ordinatum
1063 3384 1266 3448 intertenere
1292 3380 1417 3446 debet²
1439 3408 1466 3441 ».

349 3497 459 3562 Locus
479 3504 593 3562 tamen
617 3505 758 3562 nonest
782 3498 858 3562 huic
878 3497 1077 3586 obligationi
1096 3497 1262 3585 episcopi,
1284 3497 1313 3560 si
1337 3495 1469 3560 ordina-

349 3617 404 3675 tus
429 3611 552 3676 habeat
571 3612 612 3676 de
637 3613 707 3677 suis
731 3611 786 3676 vel
805 3613 957 3698 paternis
976 3611 1075 3677 bonis
1098 3613 1188 3678 unde
1207 3611 1321 3676 vivere
1345 3609 1466 3697 possit,

381 3808 389 3841 ¹
409 3807 450 3856 lta
464 3822 540 3856 conc.
557 3807 659 3856 Montis
680 3807 785 3866 Libani,
806 3823 849 3855 an.
866 3813 940 3867 17³6,
958 3811 1028 3870 part.
1045 3807 1082 3866 ll,
1101 3823 1125 3857 c.
1141 3823 1194 3867 xiv,
1215 3823 1241 3856 n.
1257 3813 1300 3867 31,
1320 3807 1382 3856 coll.
1399 3807 1469 3861 Lac..

350 3891 368 3934 t.
385 3902 416 3944 n,
433 3901 459 3948 p.
476 3889 536 3945 2⁴⁰3
552 3889 622 3948 part.
640 3885 674 3944 11,
688 3901 711 3935 c.
724 3901 777 3944 xiv,
793 3901 818 3934 n.
836 3891 878 3944 12,
895 3902 921 3948 p.
934 3891 988 3934 231.
1001 3913 1028 3922 -
1041 3887 1080 3935 Cf.
1093 3888 1174 3937 etiam
1188 3887 1332 3936 concilium
1347 3885 1471 3947 provinc.

349 3965 817 4024 Hutlrenorum,an.1720,lit.rn‚§
831 3969 852 4022 7,
866 3964 942 4022 ibid,
955 3980 981 4027 p.
997 3969 1039 4024 ⁴¹3
1056 3993 1087 4002 —
1101 3967 1166 4015 item
1181 3965 1307 4014 ultimum
1326 3964 1471 4013 concilium

349 4043 479 4105 Syrorum
496 4041 649 4100 Unitorum,
665 4058 708 4091 an.
724 4048 798 4100 18883
814 4043 940 4107 synodus
951 4042 1114 4105 Sciarfensis
1127 4045 1274 4108 Syrorum,
1289 4059 1312 4092 c.
1326 4057 1353 4100 v,
1365 4045 1415 4090 art.
1432 4047 1471 4091 13.

348 4125 359 4180 ἓ
374 4127 397 4180 3,
414 4137 439 4169 n.
457 4125 480 4179 5,
496 4121 602 4177 Romae,
619 4125 688 4178 1891,
704 4137 730 4183 p.
747 4126 800 4169 138.

379 4199 634 4261 ²Papp-Szilsgyi,
651 4198 831 4248 Euchiridion
846 4199 923 4262 juris
944 4199 1104 4257 orientatis,
1122 4197 1378 4264 Magno-Varadini,
1396 4199 1471 4246 18811.

347 4293 373 4339 p.
391 4282 445 4325 183.
