3270 5050
325 471 359 523 22
592 474 636 525 DE
655 472 793 526 Laeuus
813 475 928 526 ΕΔΜ
946 471 1183 526 ORNNATIONIS

324 623 397 680 erat
419 617 587 704 praecipue
611 616 654 682 de
677 617 786 682 tribus
805 617 981 682 ordinibus
1004 615 1236 698 hierarchicis,
1262 639 1384 704 nempe
1408 615 1452 682 de

325 729 520 807 diaconatu,
546 729 787 818 presbyteratu
810 738 847 796 et
871 731 1084 818 episcopatu,
1113 731 1160 795 ita
1187 736 1228 794 ut
1252 729 1454 795 diaconatus

325 866 460 932 semper
490 851 808 932 praesupponeretur
840 843 1091 933 presbyteratui
1125 851 1159 910 et
1195 843 1454 933 presbyteratus

325 958 546 1045 episcopatui.
570 959 613 1022 Vi
636 958 775 1023 alterius
798 957 902 1044 legis,
924 981 1026 1046 quam
1049 981 1213 1022 vocamus
1236 958 1278 1023 de
1303 959 1453 1023 intersti-

326 1072 397 1154 tiis,
425 1070 571 1137 clericus
600 1095 668 1136 non
697 1071 808 1136 sobnn
835 1073 983 1159 recipere
1012 1070 1157 1137 debebat
1183 1071 1319 1136 ordines
1344 1095 1453 1136 unum

324 1192 403 1273 post
422 1185 544 1266 alium,
565 1185 660 1250 nullo
680 1186 823 1268 emisse,
846 1193 885 1252 ut
903 1185 1033 1250 dietum
1056 1191 1125 1266 est3
1153 1185 1335 1251 sedetiam
1354 1193 1455 1251 tene-

324 1297 425 1364 batur
448 1299 484 1363 in
506 1323 711 1388 unoquoque
735 1306 871 1386 recepto
895 1299 1014 1364 ordine
1037 1321 1215 1364 remanere,
1234 1322 1295 1386 per
1314 1298 1453 1387 aliquod

324 1419 475 1500 ternpus,
498 1413 541 1477 ad
560 1413 749 1478 exercenda
768 1413 879 1478 officia
903 1413 1006 1501 hujus
1025 1413 1170 1495 ordinis,
1192 1420 1376 1501 antequam
1396 1435 1452 1477 or-

325 1525 438 1590 dinem
465 1527 673 1614 superiorem
696 1527 873 1614 reciperet.
895 1565 941 1576 —
961 1527 1021 1592 11ae
1041 1527 1117 1590 duoe
1140 1525 1234 1612 leges
1253 1526 1450 1591 certissimis

325 1639 538 1704 documentis
558 1641 846 1722 demonstrantur,
867 1640 971 1720 infra,
993 1640 1028 1704 in
1048 1663 1121 1728 cap.
1144 1661 1206 1720 vu,
1227 1639 1352 1704 relatis.

369 1753 401 1818 2.
423 1753 521 1819 Unde
536 1755 676 1842 antiqua
695 1754 832 1819 traditio
848 1741 920 1818 erat
938 1761 976 1818 ut
997 1776 1062 1818 non
1084 1755 1148 1818 nisi
1163 1754 1346 1840 presbyter
1360 1754 1453 1817 ordi-

325 1875 466 1931 naretur
485 1869 520 1931 in
539 1869 741 1954 episcopum.
765 1868 899 1956 Itaque,
918 1891 1011 1948 cum,
1034 1875 1186 1954 tempore
1201 1868 1236 1933 S.
1254 1866 1448 1946 Athanasii,

324 1981 446 2045 Ariani
470 1982 661 2047 mercedem
688 1983 879 2070 iniquitatis
906 1982 986 2046 dare
1015 1982 1171 2048 volentes
1198 1982 1363 2067 lschyrae,
1393 1980 1453 2068 qui

325 2095 550 2158 Athanasium
577 2105 811 2177 accusaverat,
839 2097 928 2160 hunc
956 2095 1146 2182 Ischyram,
1176 2095 1257 2160 licet
1283 2118 1352 2159 non
1377 2117 1453 2182 pre-

326 2207 500 2293 sbyterum
511 2214 533 2289 ¹,
555 2210 752 2297 episcopum
767 2210 1036 2290 ordinavissent,
1053 2208 1202 2273 fautores
1218 2207 1252 2273 S.
1270 2207 1452 2273 Athanasii

325 2329 519 2386 constanter
534 2322 824 2410 exprobraverunt
839 2323 998 2410 lschyrae,
1016 2321 1119 2410 quod,
1138 2323 1290 2386 nondum
1304 2321 1454 2406 preshy-

327 2445 388 2518 ter,
410 2437 588 2501 ordinatus
611 2438 733 2522 fuisset
752 2439 948 2523 episcopus,·
967 2436 1016 2501 sic
1036 2437 1157 2501 Patres
1176 2435 1311 2500 concilii
1331 2435 1454 2498 Hiero-

326 2549 539 2636 solymitani,
557 2552 591 2614 in
607 2551 751 2638 epistola
767 2553 810 2614 ad
826 2551 1106 2616 Alexandrinos:
1122 2577 1138 2610 o
1158 2549 1321 2613 Attamen
1340 2548 1454 2613 virum

325 2665 386 2749 qui
400 2666 585 2750 presbyter
603 2687 670 2730 non
689 2676 788 2748 esset,
806 2665 840 2728 in
861 2665 1057 2752 hujusmodi
1072 2663 1147 2727 vico
1166 2665 1356 2748 episcopum
1376 2685 1454 2726 con-

327 2787 379 2840 tra
404 2780 582 2864 antiquom
608 2780 826 2843 traditionem
851 2786 1000 2844 statuere
1028 2778 1291 2857 decreverunt&
1321 2805 1337 2837 n
1362 2775 1457 2864 quod

326 2891 427 2978 paulo
447 2891 534 2957 inlra
554 2899 724 2980 repetunt.
748 2892 800 2958 lta
820 2893 923 2956 etiam
942 2892 1069 2980 pluries
1090 2891 1209 2956 Patres
1228 2891 1363 2955 concilii
1378 2889 1452 2954 Sar-

326 3005 491 3087 dicensis,
513 3006 547 3070 in
567 3007 712 3094 epistola
731 3008 775 3070 ad
796 3008 898 3071 totius
917 3007 1009 3070 orbis
1029 3007 1222 3092 episcopos:
1244 3033 1259 3064 «
1284 3004 1454 3092 Denique,

327 3119 558 3208 sycophantiae
583 3121 683 3185 istius
706 3121 901 3207 praemium,
924 3119 1072 3206 Ischyrae
1098 3121 1259 3183 bonorem
1284 3120 1454 3204 episcopa-

329 3243 383 3298 tus
409 3234 548 3316 dedere,
579 3236 708 3298 bomiru'
733 3237 794 3320 qui
822 3258 860 3298 ne
882 3235 1066 3326 presbyter
1091 3234 1230 3320 quidem
1257 3235 1344 3318 suit,
1377 3260 1392 3293 n
1421 3237 1455 3296 et

328 3345 429 3434 paulo
454 3347 569 3412 inira:
597 3375 613 3408 ι(
642 3349 684 3412 Et
710 3355 825 3413 tamen
848 3347 954 3428 buno,
979 3348 1040 3432 qui
1060 3347 1243 3432 presbyter
1265 3369 1332 3410 non
1353 3353 1452 3428 esset,

329 3459 424 3526 velut
442 3463 634 3547 episcopum
654 3485 770 3526 seeum
789 3461 1005 3526 adduxerunt
1017 3461 1039 3525 ³.
1064 3487 1079 3520 n

374 3576 405 3640 3.
424 3573 544 3652 Quoad
563 3585 764 3662 argumenta
783 3576 817 3639 in
838 3575 989 3639 favorem
1008 3573 1130 3662 prioris
1149 3573 1319 3660 opinionis
1338 3573 1456 3653 allata,

249 3747 253 3758 ,
328 3687 490 3776 pleraque
514 3712 582 3753 non
606 3697 686 3754 sunt
709 3689 775 3754 nisi
801 3690 974 3774 neyativa,·
998 3688 1046 3752 sic
1071 3687 1209 3752 omissio
1233 3686 1456 3752 ordinationis

329 3801 573 3887 presbyteralis
600 3803 635 3866 in
664 3803 804 3867 Libetlis
833 3823 891 3867 vui
919 3811 953 3866 et
984 3823 1019 3865 rx
1048 3808 1082 3865 et
1111 3801 1147 3864 in
1175 3802 1280 3865 Libro
1311 3803 1459 3882 diurno,·

362 3979 369 4012 ¹
390 3979 487 4028 Fuerat
506 3980 615 4042 quidem
630 3981 772 4028 ordinatus
788 3979 941 4042 presbyter,
957 3979 1005 4027 sed
1024 3993 1039 4026 a
1053 3979 1232 4042 presbytero,¹
1247 3979 1320 4026 uude
1337 3977 1457 4025 invalida

330 4072 441 4119 prorsus
456 4061 514 4106 erat
528 4059 587 4120 ejus
601 4059 751 4116 ordinatio,
768 4061 798 4106 ut
813 4073 894 4120 supra
909 4059 1011 4106 dictum
1028 4062 1083 4114 est,
1100 4071 1127 4105 n.
1140 4058 1170 4105 2

361 4135 466 4183 ²llanc
487 4137 631 4199 epistolem
654 4137 737 4184 refert
756 4135 782 4184 S.
804 4137 985 4194 Athanasius,
1006 4137 1032 4182 in
1053 4133 1188 4198 Apotoyr's
1209 4136 1304 4182 contra
1323 4133 1454 4191 Arr'srrros,

330 4230 356 4262 n.
372 4219 416 4271 85;
436 4215 539 4278 Migne,
557 4215 586 4264 P.
602 4216 642 4266 G..
659 4217 679 4262 t.
694 4230 759 4269 xxv,
774 4216 825 4262 col.
842 4221 897 4262 399.

362 4293 586 4352 ³Tbeodoretus,
602 4293 633 4342 lt.
649 4294 688 4351 E„
703 4293 750 4341 lib.
767 4292 805 4352 ll,
822 4307 902 4352 c.v1;
923 4294 1027 4354 llipne,
1049 4291 1081 4340 P.
1101 4293 1141 4350 G,
1158 4293 1178 4339 t.
1199 4291 1456 4348 um,eol.1ttot.
