3316 5052
459 512 503 561 DE
522 511 785 572 PRAEREQUlSlTlS
804 511 848 562 AD
868 511 1120 564 ORDlNATlONElt
1300 511 1354 564 tlt

226 678 290 719 nos
316 655 427 720 locum
455 678 524 720 non
550 679 625 721 esse
653 655 757 744 priori
785 677 952 734 censurae,
981 679 1059 720 cum
1090 657 1253 722 moniales
1282 680 1350 721 non

214 769 384 836 ,emittant
415 777 495 834 vota
530 770 717 850 solemnia;
751 770 863 857 quoad
892 769 1035 834 alteram
1065 793 1260 852 censuram,
1293 771 1351 834 rix

224 884 327 948 etiam
356 885 406 949 illi
435 885 549 950 locum
578 907 651 949 esse
680 907 797 972 posse,
824 907 901 948 cum
930 883 1020 971 apud
1048 907 1111 950 nos
1138 885 1246 973 prima
1275 893 1351 950 ton-
1386 875 1389 882 ’

223 1022 303 1064 sura
334 1022 403 1063 non
435 999 545 1064 soleat
575 998 720 1064 conferri
750 998 816 1062 nisi
843 998 915 1086 jam
946 997 1200 1084 grandioribus,
1227 1021 1349 1088 nempe

219 1113 406 1200 juvenibus
433 1135 600 1178 annorum
628 1113 670 1178 18
697 1119 756 1177 aut
781 1112 845 1192 20;
873 1111 1010 1177 difficile
1036 1119 1150 1177 autem
1176 1136 1349 1201 supponas

223 1227 388 1292 infantem
408 1235 485 1293 octo
505 1250 671 1292 annorum
695 1227 863 1291 violentas
889 1249 1008 1292 manus
1032 1227 1168 1314 injicere
1192 1227 1228 1292 in
1248 1227 1349 1314 juve-

221 1363 301 1405 nem
320 1341 444 1428 viginti
463 1361 648 1419 annorum3
665 1379 710 1389 —
726 1365 755 1406 c.
777 1339 897 1418 Quoad
917 1342 1188 1427 irregularitatca
1207 1365 1249 1405 ex
1267 1343 1350 1406 dcli-

221 1464 290 1538 cto,
307 1455 366 1520 vix
385 1462 439 1520 est
458 1456 561 1520 etiam
580 1463 619 1520 ut
638 1454 793 1544 impubes
812 1455 889 1520 illas
908 1456 1017 1543 possit
1036 1456 1252 1535 contrahere,
1275 1465 1348 1522 tum

220 1569 298 1656 quia
326 1592 394 1634 non
421 1569 642 1634 incurrantur
669 1569 734 1634 nisi
759 1558 898 1658 propter
924 1570 1080 1656 graviora
1106 1567 1246 1650 delicta,
1273 1577 1347 1635 tum

219 1681 299 1768 quia
327 1681 370 1747 ab
398 1683 469 1747 illis
497 1705 632 1770 semper
650 1679 833 1748 ¹excusabit
857 1683 1049 1770 ignorantia
1072 1705 1198 1770 poenae,
1225 1707 1346 1772 nempe

217 1796 326 1884 ipsius
345 1797 628 1884 irregularitatis;
649 1835 693 1846 —
712 1798 747 1860 d.
765 1796 885 1877 Quoad
905 1798 1175 1883 irreqrtarttates
1195 1821 1236 1862 aar
1255 1799 1345 1883 (lese-

218 1920 291 1994 ctu,
319 1911 404 1975 ratio
429 1934 562 1992 earum,
584 1911 684 1998 juxta
707 1933 843 1991 omneS,
865 1934 934 1975 non
958 1911 1103 1977 habetur
1127 1913 1162 1976 in
1186 1913 1344 1999 praesenti

219 2025 379 2112 quaesito,
406 2047 484 2090 cum
510 2025 645 2112 possint
669 2026 823 2091 contrahi
852 2026 955 2090 etiam
980 2024 1022 2090 ab
1047 2025 1248 2103 infantibus,
1275 2027 1347 2091 imo

218 2138 253 2202 in
278 2139 352 2225 ipsa
377 2139 571 2220 nativitate,
595 2146 629 2203 et
653 2139 694 2203 de
718 2140 768 2204 eis
792 2139 900 2204 soleat
925 2145 1079 2204 constare
1103 2140 1179 2204 aliis
1204 2141 1340 2222 mediis,

217 2275 252 2319 v.
285 2275 334 2338 g.,
368 2275 428 2340 per
460 2254 696 2318 attestationes
729 2252 770 2318 de
804 2253 1020 2318 matrimonio
1054 2261 1249 2340 parentum,
1283 2253 1343 2320 ba-

216 2365 359 2454 ptismo,
385 2373 450 2432 etc.
477 2406 520 2416 —
544 2367 577 2432 2.
605 2367 799 2432 Secundum
824 2375 1064 2454 argumentum
1088 2369 1277 2434 desumitur
1300 2393 1341 2434 ex

216 2479 268 2543 Pii
294 2479 341 2571 lX
367 2480 503 2545 decreto
530 2481 675 2545 Romani
700 2482 802 2546 Ponti
817 2481 965 2564 tcos„25
993 2482 1066 2568 jan.
1098 2481 1220 2563 18481,
1253 2483 1341 2547 circa

215 2593 444 2658 admittendos
465 2594 499 2658 in
519 2595 655 2659 ordines
674 2596 847 2682 regulares
867 2602 925 2662 aut
944 2597 1226 2683 congregationes
1244 2604 1340 2661 voto-

213 2729 290 2772 rum
313 2707 538 2795 simplicium3
561 2709 667 2796 jussit
686 2709 776 2774 enim
796 2709 878 2774 Pius
898 2709 961 2790 IX,
983 2718 1165 2798 antequam
1186 2710 1262 2798 quis
1282 2710 1339 2775 ad-

142 2815 146 2825 ’
213 2821 370 2886 mittatur
388 2821 432 2886 ad
446 2821 616 2903 habitum,
632 2823 757 2910 requiri
772 2823 905 2888 litteras
920 2824 1167 2889 testimoniales
1186 2824 1339 2888 omnium

213 2933 486 3016 Ordinariorum,
506 2935 701 3024 inquorum
717 2937 920 3002 dioecesibus
940 2939 1090 3004 novitius
1110 2947 1339 3004 commoratus

212 3047 314 3114 luerit
341 3055 459 3136 «post
487 3050 660 3135 expletum
686 3052 855 3116 decimum
881 3053 1043 3138 quintum
1071 3074 1200 3116 annum
1226 3053 1337 3117 aetatis

212 3183 282 3225 suae
303 3189 339 3244 a,
367 3169 400 3226 et
425 3163 488 3227 hoc
508 3164 581 3229 sive
608 3171 728 3251 agatur
754 3165 796 3230 de
820 3165 995 3231 ordinibus
1020 3173 1078 3232 aut
1102 3166 1338 3254 congregatio·

211 3273 312 3340 nibus
343 3275 524 3358 laicorum,
555 3278 626 3342 sive
658 3278 700 3342 de
727 3279 902 3344 ordinibus
932 3287 991 3346 aut
1017 3279 1339 3368 congregationibus

209 3391 422 3455 sacerdotum
431 3410 445 3474 ,¹
464 3391 601 3478 signum
621 3416 701 3480 ergo
721 3395 940 3460 manifestum
956 3403 1008 3462 est
1022 3396 1252 3484 legislatorem
1267 3422 1335 3463 non

210 3503 357 3568 multum
377 3497 563 3572 sollicitum
583 3506 688 3572 fuisse
708 3507 749 3573 de
769 3508 828 3574 illa
851 3509 1078 3597 possibilitate
1103 3512 1334 3600 metaphysica

209 3617 432 3684 contrahendi
452 3620 694 3708 impedimenta
714 3623 875 3689 canonica
894 3629 973 3689 ante
991 3625 1218 3712 pubertatem.
1236 3625 1335 3706 Quod

208 3731 346 3820 quidem
367 3742 606 3821 argumentum
627 3758 695 3800 non
715 3739 980 3826 peremptorium
1000 3746 1068 3820 est,
1085 3746 1123 3804 ut
1140 3747 1251 3829 patet,
1274 3739 1335 3804 sed

208 3852 262 3910 est
281 3847 396 3933 magni
416 3849 597 3930 momenti,
616 3873 693 3914 cum
709 3851 803 3936 leges
822 3851 1038 3940 interpretari
1057 3857 1117 3940 per
1135 3853 1220 3918 alias
1239 3853 1333 3938 leges

207 3959 252 4024 sit
271 3960 421 4048 optimus
440 3961 732 4051 interpretationis
752 3963 885 4030 modus.

252 4075 283 4139 3.
321 4075 418 4140 Unus
451 4098 551 4141 casus
582 4077 759 4166 excipitur,
790 4079 889 4165 juxta
919 4077 1049 4145 bullam
1079 4078 1341 4168 Speculatorea;'

238 4313 247 4346 ¹
267 4314 391 4374 Binarri,
408 4317 579 4367 collectanea
592 4319 618 4366 S.
634 4321 734 4384 Conyr.
750 4320 839 4384 Epire.
855 4323 881 4370 et
896 4321 971 4386 Ray„
988 4323 1094 4382 Romu,
1110 4329 1183 4382 1885,
1200 4341 1226 4387 p.
1242 4330 1297 4374 831.
