3270 5050
312 429 347 484 24
584 433 627 482 DE
646 395 917 485 insinuassent:
936 435 1170 486 ORDINATIONIS

314 576 426 642 nalem
445 576 628 663 separatim
642 577 872 656 contulerant;
895 587 1047 644 remanet
1066 579 1287 644 nihilominus
1307 580 1439 664 integer

313 692 416 770 ritus,
432 713 449 755 a
464 689 599 756 Christo
618 691 812 773 institutUS,
831 715 914 780 quo,
932 717 992 780 per
1011 693 1260 781 impositionem
1275 715 1437 758 manuum

314 811 348 869 et
366 804 508 869 relativa
528 804 642 886 verba,
666 805 849 886 confertur,
871 807 974 870 etiam
993 806 1104 888 laiciS,
1126 807 1265 894 plenum
1284 805 1439 870 sacerdo-

314 917 399 982 tium
419 941 496 982 cum
516 917 625 982 tribus
644 942 745 1006 supra
765 919 864 984 dictis
887 920 1126 1007 potestatibus.
1150 959 1193 968 -
1212 920 1384 1008 Quidquid
1403 919 1438 983 id

314 1039 383 1112 est,
413 1039 566 1097 remanet
591 1031 697 1097 libera
723 1033 811 1098 inter
840 1035 1025 1100 catholicos
1056 1035 1302 1114 controversia,
1330 1035 1377 1100 ila
1400 1040 1438 1098 ut

315 1145 425 1211 dicere
448 1146 565 1227 liceat,
587 1171 664 1212 cum
693 1148 874 1213 Benedicto
900 1149 1007 1215 XIV:
1039 1177 1055 1210 (ι
1083 1149 1170 1214 Cum
1195 1172 1291 1214 nemo
1316 1149 1438 1235 prohi-

315 1261 392 1324 beat
416 1260 617 1346 disceptare,
645 1285 726 1326 num
750 1262 966 1350 episcopatus
985 1265 1029 1328 sit
1052 1264 1133 1328 ordo
1159 1286 1177 1328 a
1202 1262 1439 1351 presbyteratu

315 1373 512 1456 distinctus,
544 1399 586 1440 an
618 1376 791 1441 character
818 1376 852 1440 in
884 1377 1066 1465 episcopali
1095 1369 1346 1442 consecratione
1375 1377 1439 1439 im-

314 1511 453 1576 pressus
473 1490 615 1572 diflerat,
631 1491 685 1555 vel
705 1491 818 1578 potius
838 1493 883 1557 sit
902 1492 1075 1580 ampliatio
1095 1492 1250 1580 quaedam
1270 1491 1439 1556 characte-

315 1605 362 1668 ris
380 1605 415 1670 in
440 1605 620 1672 collatione
644 1604 886 1693 presbyteralis
910 1607 1038 1671 ordinis
1058 1607 1231 1695 impressi,
1253 1606 1438 1692 itidemque

315 1741 358 1784 an
378 1719 621 1785 vetustioribus
646 1720 855 1806 temporibus
880 1745 898 1786 a
922 1721 1103 1786 diaconatu
1122 1721 1232 1787 Iactus
1252 1722 1296 1786 sit
1315 1719 1440 1786 transi-

315 1840 372 1898 tus
391 1833 434 1897 ad
458 1835 706 1922 episcopatum,
729 1834 846 1900 ordine
870 1834 1095 1923 presbyterali
1117 1860 1185 1902 non
1206 1843 1303 1902 antea
1324 1857 1439 1900 susce-

316 1955 375 2032 pto
390 1950 411 2012 ¹.
439 1975 453 2006 n

362 2173 496 2243 6.-2⁰
509 2175 596 2239 Aliae
615 2168 847 2241 controversiae
863 2179 952 2242 circa
972 2178 1149 2242 relationes
1169 2179 1257 2240 irater
1275 2177 1441 2261 episcopa-

319 2295 393 2352 tum
418 2297 450 2352 et
469 2291 759 2376 presbyteratum.
787 2330 830 2338 -
854 2289 1017 2377 Theologi
1041 2299 1075 2356 et
1094 2291 1293 2370 canonistas,
1316 2289 1441 2375 rejecto

318 2403 409 2469 dicto
425 2403 513 2470 Iacto
534 2405 694 2470 historico
709 2413 744 2470 et
762 2405 873 2493 priore
894 2406 1064 2494 opinione,
1082 2403 1208 2468 abeunt
1223 2403 1257 2466 in
1276 2410 1347 2468 tres
1366 2426 1442 2468 sen-

319 2519 444 2584 tentias
470 2519 558 2583 circa
584 2519 767 2585 relationes
793 2519 881 2584 inter
908 2521 1139 2607 episcopatum
1166 2526 1200 2584 et
1226 2517 1442 2606 presbytera-

319 2641 403 2698 tum.

365 2749 408 2815 A.
430 2749 548 2812 Prima
568 2751 692 2834 opinio.
709 2788 754 2799 —
769 2749 870 2815 Multi
886 2757 1003 2814 tenent
1018 2750 1267 2838 episcopatum,
1286 2771 1347 2813 seu
1363 2771 1443 2812 con·

322 2863 544 2926 sacrationem
578 2864 824 2952 episcopalem,
859 2870 893 2928 et
926 2863 1218 2951 presbyteratum,
1251 2884 1327 2926 esse
1360 2861 1445 2926 duos

322 2975 458 3040 ordines
474 2985 507 3041 et
527 2977 593 3042 duo
613 2985 825 3043 sacramenta
844 2979 945 3065 plane
965 2977 1141 3058 distincta,
1160 2999 1305 3064 quorum
1323 2997 1445 3040 unum-

323 3091 480 3178 quodque
495 3092 651 3178 producit
664 3115 763 3157 suum
779 3092 979 3157 distinctum
993 3093 1231 3157 characterem.
1245 3090 1306 3172 lta,
1325 3097 1446 3176 praeter

323 3317 433 3365 porum,
450 3305 595 3366 separatim
615 3305 763 3353 contulisse
783 3306 946 3366 potestatem
964 3303 1193 3366 presbyteralem,
1208 3317 1262 3350 non
1282 3303 1447 3350 contrarium

324 3383 366 3429 est
381 3383 479 3430 canoni
491 3383 651 3431 Tridentino
667 3383 739 3447 (can.
754 3389 781 3440 6,
800 3397 866 3430 sess.
884 3381 987 3440 XXIII,
1004 3384 1045 3430 Dn
1060 3395 1232 3429 sacnaunnro
1247 3381 1375 3444 onnrnrsl:
1396 3400 1407 3423 a
1420 3379 1447 3428 Si

324 3459 384 3522 quis
400 3460 498 3508 dixerit
512 3461 538 3507 in
554 3461 668 3509 ecclesia
683 3462 816 3510 catholica
831 3476 885 3508 non
901 3475 961 3509 esse
976 3460 1153 3508 hierarchiam
1169 3457 1261 3507 divina
1276 3457 1448 3508 ordinatione

324 3538 491 3597 institutam,
508 3553 568 3602 quoe
583 3543 691 3587 constat
705 3555 738 3588 cx
752 3539 897 3602 episcopis,
911 3537 1085 3602 presbyteris
1099 3541 1126 3586 et
1142 3535 1289 3594 ministris,
1306 3537 1448 3586 anathema

325 3617 374 3674 sit·,
391 3635 403 3660 n
419 3617 477 3664 huec
492 3617 564 3664 enlm
579 3617 680 3664 locutio
695 3616 868 3666 ordinatione
883 3615 976 3665 divina
992 3631 1045 3664 non
1061 3615 1195 3678 significat
1206 3615 1346 3664 Christum
1363 3614 1448 3678 ipsum

321 3693 484 3758 jussissent
499 3698 591 3744 essent
610 3695 637 3742 in
656 3709 703 3743 sua
716 3695 834 3744 Ecclesia
846 3694 1005 3759 presbyteri
1023 3693 1057 3743 ab
1078 3693 1207 3757 episcopis
1228 3693 1365 3751 distincti,
1382 3697 1447 3750 etc.;

325 3774 378 3822 ista
392 3773 464 3820 enim
478 3773 580 3821 locutio
595 3774 719 3836 apposite
730 3774 852 3822 adhibita
866 3775 908 3821 cst
921 3788 936 3822 a
950 3773 1076 3822 Patribus
1091 3773 1197 3820 concilii
1209 3772 1293 3832 Tria,
1304 3776 1335 3820 ut
1349 3773 1449 3820 vitare-

326 3854 371 3900 tur
388 3851 439 3899 alia
451 3851 562 3909 locutio,
583 3850 723 3902 aChrt'ato
743 3851 912 3908 institutnm;
932 3851 1017 3913 magis
1034 3865 1131 3912 nempe
1151 3853 1228 3913 patet
1247 3851 1321 3912 prior
1339 3851 1449 3907 locutio,

326 3945 402 3988 cum,
418 3933 449 3977 ut
465 3929 593 3978 dicebant
612 3931 721 3992 quidam
737 3930 763 3976 in
778 3930 910 3978 concilio:
932 3929 991 3976 «Et
1008 3933 1098 3977 cctcra
1119 3929 1146 3976 in
1160 3929 1286 3977 universo
1302 3929 1367 3977 orbe
1383 3943 1397 3976 a
1412 3927 1451 3974 di-

327 4008 390 4056 vina
406 4009 539 4070 prodeant
554 4008 732 4058 ordinatione.
751 4026 763 4050 »
785 4009 866 4070 (Acta
882 4005 1039 4056 authentica
1058 4022 1133 4057 conc.
1159 4005 1242 4064 Tria,
1264 4009 1305 4056 ed.
1327 4007 1450 4064 Theiner,

328 4090 348 4134 t.
364 4101 395 4144 n,
411 4102 438 4149 p.
454 4087 520 4147 snt.)

360 4165 368 4197 ¹
387 4165 550 4214 Benedictus
564 4163 635 4222 xlv,
652 4164 731 4226 epist.
746 4163 778 4212 In
789 4167 941 4228 postremo,
959 4169 987 4212 20
1003 4167 1057 4214 oct.
1074 4169 1148 4223 1756,
1165 4167 1176 4223 5
1193 4169 1230 4221 17,
1247 4164 1273 4210 in
1293 4163 1358 4222 line;
1379 4161 1449 4210 Bull.

327 4243 436 4300 Bened„
453 4247 472 4292 t.
486 4258 522 4301 iv,
538 4257 564 4291 n.
581 4247 620 4290 63.
