3290 5060
349 487 399 539 llb
614 487 658 538 DE
677 487 817 539 LEGIBUS
837 486 950 538 SACRAE
969 485 1207 538 oanlnsrlorus

513 761 555 826 ll.
584 763 635 826 Da
659 782 837 828 eorrsrsrs
861 782 1047 826 csnmusns
1070 761 1170 826 Ursis
1194 781 1310 824 vrcsnn

388 1007 457 1074 44.
481 1045 521 1054 -
540 1006 722 1074 Potestas
742 1005 956 1074 cardinalis
975 1006 1116 1074 vicarii
1134 1005 1265 1092 quoad
1290 1005 1472 1074 subditos

344 1127 513 1189 exteros,
533 1158 577 1169 -
597 1119 787 1186 Cardinalis
806 1120 968 1202 vicarius,
991 1127 1030 1186 ut
1048 1120 1195 1184 vicarius
1215 1143 1311 1207 papae
1330 1119 1365 1183 iu
1385 1120 1471 1184 dioe·

343 1235 411 1298 resi
432 1235 588 1300 Romana
612 1233 729 1299 stricte
749 1234 873 1316 dicta¹,
894 1233 997 1300 habet
1015 1233 1169 1322 proprios
1189 1233 1360 1313 subditos,
1382 1234 1469 1299 sicut

342 1347 485 1435 quilibet
511 1348 690 1436 episcopus
718 1347 753 1412 in
777 1349 913 1436 propria
941 1347 1095 1428 diaecesi,
1122 1347 1164 1412 ad
1188 1370 1342 1411 normam
1368 1347 1469 1412 bullas

342 1463 576 1548 Speculatores
583 1481 598 1546 ,·
617 1461 719 1527 habet
738 1462 877 1550 insuper
895 1461 1054 1549 specialia
1075 1462 1153 1549 jura
1172 1461 1208 1525 in
1227 1461 1368 1526 clericos
1386 1463 1469 1526 sub-

343 1578 541 1660 urbicarios,
559 1577 618 1664 qui
628 1585 760 1664 'nempe
779 1577 952 1664 pertinent
970 1576 1013 1640 ad
1031 1599 1135 1640 unam
1155 1599 1172 1641 e
1192 1599 1252 1641 sex
1266 1575 1468 1641 dioecesibus

340 1693 600 1775 suburbicariis,
622 1697 661 1757 ut
680 1691 766 1756 infra
787 1691 921 1756 dicitur.
939 1691 1066 1777 Agitur
1084 1689 1138 1754 hic
1159 1691 1200 1755 de
1220 1689 1377 1770 subditis,
1398 1712 1466 1753 non

340 1807 496 1893 propriis,
519 1828 581 1870 neo
601 1803 855 1885 suburbicariis
878 1804 939 1870 sed
958 1805 1093 1888 esteris,
1110 1805 1186 1892 qui,
1208 1804 1251 1869 ad
1271 1827 1467 1892 quamcum-

340 1942 405 2006 que
426 1919 600 1984 dioecesim
623 1919 834 2007 pertinentes
857 1927 980 2007 proeter
999 1919 1189 1984 Romanam
1209 1925 1244 1983 et
1268 1916 1468 1982 suburbica-

340 2033 423 2113 τίεις,
446 2033 560 2098 Roma
583 2041 850 2118 commorantur,
874 2033 1064 2098 studiorum
1089 2056 1206 2114 causa,
1233 2039 1291 2097 aut
1316 2031 1393 2096 alia.
1416 2031 1467 2095 De

340 2147 393 2210 his
413 2169 493 2234 ergo
512 2146 659 2212 subditis
678 2149 801 2212 exteris
821 2148 892 2211 haec
911 2147 1079 2214 dicenda:

387 2265 420 2324 l⁰
439 2261 484 2326 Ut
503 2261 617 2326 clerici
636 2262 814 2326 saeculares
834 2262 953 2342 exteri,
971 2263 1089 2327 Romae
1109 2265 1371 2340 commorantes
1387 2283 1468 2347 pos-

340 2375 409 2440 sint
428 2375 576 2440 ordinari
601 2376 636 2440 in
660 2376 767 2459 Urbe,
790 2399 859 2441 non
883 2375 1057 2440 sufficiunt
1079 2377 1204 2441 litterae
1223 2373 1467 2439 dimissoriales

340 2489 490 2576 episcopi
509 2489 652 2577 proprii,
676 2490 737 2554 sed
755 2497 902 2578 quatuor
922 2490 987 2555 alia
1006 2491 1250 2578 requiruntur:

385 2628 416 2670 a.
438 2602 485 2670 Ut
503 2603 711 2669 cardinalem
730 2603 832 2670 Urbis
856 2604 1056 2669 vicarium«
1079 2603 1218 2686 adeant,
1241 2611 1275 2668 et
1299 2603 1340 2667 de
1360 2603 1468 2690 ipsius

341 2717 499 2784 mandato
520 2718 562 2783 ab
582 2718 872 2784 examinatoribus
892 2720 935 2784 ad
955 2719 1018 2783 hoc
1038 2719 1221 2805 deputatis,
1244 2740 1311 2782 non
1331 2717 1468 2805 paucio-

339 2833 433 2900 ribus
453 2856 556 2922 quam
575 2832 684 2898 tribus
704 2857 742 2898 ac
767 2833 869 2898 simul
889 2833 1120 2921 congregatis,
1143 2855 1244 2920 super
1264 2831 1405 2896 scientia
1424 2833 1468 2897 ad

339 2971 616 3036 unumquemque
642 2947 797 3012 ordinem
828 2947 991 3036 requisita
1023 2947 1142 3012 sedulo
1175 2946 1413 3012 examinentur
1435 2975 1465 3012 ».

339 3099 384 3111 -
414 3061 466 3126 lta
496 3061 692 3126 Alexander
720 3061 800 3144 Vll,
833 3063 868 3126 in
901 3060 998 3127 brevi
1026 3061 1223 3148 Apostolica
1255 3061 1465 3146 sollicitudo,

340 3178 360 3241 7
380 3198 459 3263 aug.
483 3175 586 3256 1662,
609 3179 625 3260 ξ
647 3177 698 3242 1¹.

384 3291 418 3355 b.
448 3289 494 3356 Ut
521 3289 695 3378 proferant
726 3291 916 3356 testimonia
949 3292 1156 3374 idoneitatis,
1186 3309 1340 3379 nempe:
1373 3289 1404 3356 l.
1432 3289 1468 3354 Si

340 3411 461 3491 agatur
484 3403 526 3468 de
552 3403 728 3469 ordinibus
752 3403 956 3487 minoribuS,
982 3404 1110 3469 bonum
1134 3404 1369 3469 testimonium
1392 3411 1468 3468 tum

340 3517 489 3604 parochi,
511 3518 545 3582 in
565 3518 662 3605 cujus
681 3517 840 3606 parochia
859 3527 1124 3599 commorantur,
1141 3527 1215 3583 tum
1236 3518 1389 3605 magistri
1408 3525 1468 3583 aut

340 3632 480 3697 rectoris
504 3631 644 3714 scholae,
666 3632 701 3697 in
721 3656 788 3721 qua
807 3633 930 3700 studiis
949 3640 1090 3714 vacant;
1114 3671 1156 3682 -
1175 3633 1207 3697 2.
1231 3633 1267 3698 Si
1285 3639 1406 3720 agatur
1424 3631 1467 3696 de

341 3743 517 3811 ordinibus
545 3745 746 3834 majoribus,
770 3749 1055 3833 proclamationes
1081 3751 1212 3831 suturas
1244 3747 1468 3812 ordinationis

343 3859 402 3946 (de
433 3858 557 3948 quibus
587 3861 657 3947 agit
687 3861 869 3926 concilium
900 3861 1006 3944 Trid,
1039 3885 1113 3950 cap.
1145 3861 1204 3924 Ad
1236 3861 1397 3944 minores,
1426 3861 1465 3938 5,

373 4063 382 4097 ¹
400 4063 441 4112 De
459 4079 511 4127 qua
526 4063 560 4112 cl.
577 4063 671 4123 Petra,
687 4065 719 4114 ln
735 4065 825 4115 Const.
837 4065 854 4114 Ι
865 4065 946 4114 Pauli
960 4065 998 4124 11,
1016 4081 1043 4116 n.
1057 4069 1085 4114 n
1101 4079 1152 4129 sq,
1167 4063 1302 4122 Venetiie,
1317 4067 1389 4124 1741,
1407 4065 1425 4112 t.
1439 4079 1466 4122 x,

342 4147 474 4270 p¹¹aboriti.
490 4221 575 4278 Rom„
590 4223 610 4270 t.
624 4237 663 4282 vr,
680 4225 749 4285 part.
764 4227 790 4282 5,
807 4239 833 4286 p.
848 4227 906 4283 2t5;
923 4223 989 4271 illud
1004 4223 1086 4271 etiam
1106 4222 1190 4271 habes
1205 4223 1277 4286 apud
1293 4222 1465 4281 Honorantm

342 4313 368 4362 p.
381 4315 415 4347 v1.
