3290 5060
330 466 365 520 72
597 469 641 520 DE
659 468 799 521 LEGIBUS
818 467 932 520 SAGRAE
950 467 1187 520 osolnsrlonls

330 611 441 671 iterata
452 611 661 686 consecratio,
673 611 764 693 cujus
774 610 1038 692 praevaricationis
1049 620 1097 670 est
1105 610 1251 670 iteratum
1262 607 1452 691 baptisma...

332 715 492 797 Numquid
508 716 684 796 omnesqui
705 717 847 776 Formosi
862 715 1127 777 consecrationem
1145 714 1220 775 nihil
1236 735 1303 774 esse
1322 713 1454 795 professi

331 827 420 894 sunt,
437 827 468 882 et
482 821 513 880 in
528 820 638 882 eodem
650 820 758 882 ordine
770 821 883 882 iterum
897 821 1069 882 consecrati
1084 827 1172 894 sunt,
1188 819 1226 880 ad
1242 819 1362 880 inferna
1377 839 1455 899 prae·

331 925 581 1007 cipitantur¹?...
598 926 789 1002 Cernitisne,
801 927 913 987 fratres
927 926 1004 1001 mei,
1022 932 1110 987 tanto
1125 925 1311 986 testificante
1326 925 1453 985 doctore

332 1031 377 1106 (S.
390 1031 485 1111 Greg.
503 1031 649 1112 Magno),
661 1052 754 1113 quam
770 1031 923 1092 nefarium
936 1051 1091 1113 quamque
1102 1030 1270 1112 reprobum
1282 1031 1336 1106 sit,
1349 1050 1454 1112 quem·

332 1117 425 1218 quam
440 1138 472 1196 in
488 1136 547 1196 hoc
557 1137 671 1218 ipsum,
682 1137 766 1219 quod
778 1137 865 1218 prius
877 1136 1039 1212 habuerat,
1051 1136 1154 1197 denuo
1169 1135 1344 1196 consecrari
1353 1133 1376 1196 ¹.
1392 1161 1406 1190 n
1416 1169 1454 1180 -

332 1245 361 1302 2.
373 1241 438 1301 Has
452 1242 579 1302 iteratas
591 1242 805 1303 ordinationes
815 1243 889 1302 item
901 1248 1034 1302 testatur
1047 1241 1126 1302 alius
1141 1248 1328 1314 coaetaneus
1343 1261 1454 1321 nempe

331 1345 511 1426 Vuigarius,
523 1347 594 1428 qui,
608 1368 690 1408 anno
702 1347 827 1408 circiter
837 1349 907 1422 920,
920 1347 1044 1428 scripsit
1056 1346 1196 1407 libellum
1208 1346 1256 1407 De
1270 1366 1365 1406 causa
1376 1346 1405 1406 F
1404 1367 1454 1405 or-

332 1450 484 1530 mosiana,
501 1453 533 1512 in
548 1473 623 1534 que,
640 1473 667 1513 c.
685 1474 706 1528 1,
723 1453 786 1513 ait:
807 1477 822 1508 α
840 1452 930 1512 Unde
943 1473 1016 1532 ergo
1030 1459 1088 1527 est,
1104 1451 1189 1534 quod
1204 1451 1294 1511 dudae
1309 1451 1454 1532 baptizati

331 1577 395 1616 non
415 1556 657 1638 rebaptizantur,
678 1556 811 1618 alterius
831 1578 901 1618 vero
917 1557 1094 1636 (Formosi)
1109 1555 1250 1618 ordinati
1268 1555 1454 1617 reordinan-

333 1661 427 1723 tur³i
445 1689 459 1720 n
475 1699 515 1707 —
529 1663 558 1724 3.
581 1663 712 1723 Iteratae
732 1663 945 1724 ordinationes
965 1663 1094 1723 tradunt
1113 1663 1207 1722 etiam
1227 1661 1452 1744 LuitpranduS,

332 1766 390 1827 loc.
413 1765 479 1845 cit,
500 1773 533 1827 et
551 1766 747 1846 Sigebertus,
769 1768 839 1848 qui,
861 1766 1035 1845 Chronica,
1059 1767 1098 1828 ad
1121 1789 1170 1828 an.
1191 1769 1262 1841 907,
1285 1767 1324 1826 de
1346 1766 1454 1846 Sergio

331 1871 478 1953 loquens,
499 1872 562 1932 ait:
585 1895 600 1927 «
623 1871 738 1932 Omnes
757 1893 836 1954 quos
855 1872 908 1933 ille
925 1871 1129 1954 (Formosus)
1150 1871 1322 1947 ordinavit,
1339 1871 1453 1952 injuste

331 1977 543 2051 exordinavit,
564 1983 596 2037 et
615 1975 768 2059 injustius
787 1976 1017 2038 reordinavit⁴.
1041 2003 1055 2034 »
1076 2013 1117 2024 —
1139 1977 1246 2052 Unde,
1267 1977 1306 2036 de
1323 1977 1454 2036 veritate

331 2081 479 2142 historica
505 2081 617 2142 harum
643 2081 916 2144 reordinationum
939 2082 1059 2143 nullum
1086 2103 1247 2143 remanere
1270 2089 1374 2163 potest
1399 2081 1453 2141 du·

331 2187 432 2260 bium,
447 2187 522 2246 etin
538 2186 598 2247 hoc
612 2187 813 2248 consentiunt
827 2208 946 2248 omnes,

372 2397 435 2460 24.
454 2433 492 2442 -
513 2397 693 2461 Saeculum
712 2399 781 2478 ¹13
799 2397 846 2460 de
859 2397 1150 2461 ordinationibus
1163 2397 1454 2460 simoniacorum.

374 2507 405 2560 1⁰
420 2501 485 2562 Sub
503 2503 606 2562 Leone
621 2501 663 2562 lx
679 2501 911 2584 (tots-1054),
931 2523 1042 2582 magna
1058 2502 1173 2562 exarsit
1188 2501 1400 2562 controversia
1416 2501 1455 2560 de

332 2606 493 2667 validitate
517 2607 766 2684 ordinationum,
794 2628 871 2689 quas
895 2607 999 2668 clerici
1021 2607 1060 2669 ab
1082 2607 1238 2689 episcopis
1261 2606 1454 2678 simoniaciS,

332 2711 425 2772 etiam
441 2733 505 2772 non
520 2713 699 2788 simoniace,
709 2719 909 2794 acceperant3
926 2713 978 2772 alii
989 2733 1100 2794 nempe
1115 2712 1261 2772 dicebant
1275 2712 1456 2792 episcopum

333 2816 536 2876 simoniacum
552 2837 614 2876 non
628 2837 719 2898 posse
734 2816 836 2877 valide
851 2816 993 2878 conferre
1006 2816 1146 2891 ordines,
1162 2823 1193 2876 et
1207 2815 1337 2898 proinde
1352 2815 1456 2875 iterari

333 2919 445 2980 debere
461 2920 689 2981 ordinationem
704 2943 798 3003 quam
811 2921 881 3002 quis
900 2921 939 2982 ab
959 2919 1012 2981 illo
1027 2921 1211 3002 recepisset;
1227 2920 1280 2981 alii
1295 2940 1370 2979 vero
1385 2939 1457 2980 con-

335 3024 506 3084 tendebant
520 3025 656 3086 validam
675 3045 742 3086 esse
759 3026 851 3087 talem
872 3025 1116 3100 ordinationem,
1133 3045 1191 3084 nec
1205 3023 1337 3106 proinde
1352 3024 1457 3084 iterari

334 3127 458 3190 debere.
482 3130 545 3190 Has
564 3131 794 3191 controversias
813 3137 947 3192 testatur
964 3133 996 3192 S.
1016 3130 1127 3191 Petrus
1146 3129 1331 3203 Damianus,
1354 3130 1406 3210 qui
1426 3129 1458 3187 in

334 3233 397 3294 illis
411 3255 556 3314 magnam
571 3243 691 3316 partem
706 3235 832 3310 habuit;
849 3236 894 3296 ait
911 3237 992 3296 enim
1008 3236 1039 3295 in
1054 3235 1153 3296 Libro
1168 3233 1227 3318 qui
1243 3233 1363 3294 dieitur
1375 3232 1457 3294 Gra-

337 3338 491 3418 tissimus,
515 3339 629 3402 initio:
653 3367 668 3396 a
690 3341 737 3401 De
758 3341 796 3401 iis
818 3341 939 3423 itaque,
961 3341 1015 3423 qui
1037 3342 1132 3420 gratis
1152 3347 1225 3400 sunt
1246 3361 1261 3400 a
1283 3339 1460 3401 simoniacis

336 3447 524 3520 consecrati,
541 3453 660 3529 quanta
669 3446 742 3528 jam
757 3467 816 3528 per
832 3445 1006 3508 trienninm
1026 3445 1058 3506 in
1074 3445 1178 3506 tribus
1192 3444 1343 3506 Romanis
1358 3444 1461 3504 eonci-

337 3547 391 3610 liis
404 3548 504 3629 suerit
513 3549 710 3633 disceptatio,
723 3551 1043 3634 quamqueperpleaea
1053 3556 1148 3633 atque
1158 3549 1289 3631 confusa
1301 3548 1459 3626 dubietas,

369 3735 378 3770 ¹
396 3737 526 3799 Insemor
539 3739 565 3786 et
579 3737 723 3800 Defensor,
738 3754 762 3787 c.
776 3753 803 3797 v,
818 3751 858 3798 1x;
874 3738 979 3801 Migne,
995 3737 1025 3786 P.
1039 3737 1077 3795 L.,
1095 3739 1114 3786 t.
1129 3751 1214 3797 cxxix,
1229 3736 1281 3786 col.
1297 3739 1459 3796 1082,1osa;

337 3815 372 3864 ci.
389 3817 470 3865 ctiam
485 3831 509 3865 c.
525 3831 561 3864 vr.

370 3895 431 3944 ²In
445 3894 645 3958 defensionem,
664 3898 726 3956 ete,
743 3895 790 3943 lib.
807 3894 845 3954 11,
861 3910 885 3943 c.
902 3907 923 3954 1;
940 3893 1089 3952 Diimmlen
1106 3909 1132 3956 p.
1150 3899 1189 3942 79.

369 3974 477 4024 ³Hune
496 3973 617 4023 libellum
637 3974 725 4038 primo
745 3972 830 4023 edidit
845 3971 996 4032 Dirmmler,
1011 3971 1141 4021 »tunitius
1161 3971 1217 4020 und
1237 3969 1394 4035 Vulpes-ius.
1408 3969 1461 4020 Cit.

337 4053 427 4101 locum
441 4053 515 4114 legas
527 4069 553 4116 p.
565 4057 686 4101 121-122.
699 4081 730 4088 —
742 4052 834 4101 Atium
846 4051 968 4099 libellum
983 4051 1077 4099 cadem
1088 4053 1179 4099 mente
1190 4049 1299 4112 scripsit
1309 4049 1460 4110 Vulgarius,

338 4129 473 4178 Invectica
492 4129 520 4178 in
532 4130 657 4188 Romam,
670 4130 772 4179 editum
787 4145 803 4178 a
818 4129 973 4192 Bianchini,
990 4127 1152 4178 Anastasius
1166 4127 1245 4185 bibl„
1262 4131 1282 4176 t.
1298 4143 1334 4186 iv,
1351 4141 1377 4189 p.
1400 4141 1462 4175 axx-

340 4221 426 4266 unxrv,
442 4209 470 4256 et
484 4208 556 4270 apud
568 4209 671 4271 Migne‚
687 4208 717 4258 P.
733 4209 772 4267 L„
789 4212 810 4258 t.
824 4223 916 4268 onix,
932 4207 984 4257 eol.
1000 4210 1124 4256 823-838.
1303 4237 1305 4240 -

368 4285 380 4320 ⁴
396 4284 499 4349 Migne,
515 4285 545 4334 P.
562 4287 601 4346 L„
617 4289 637 4336 t.
653 4301 713 4346 ccx,
729 4287 780 4337 col.
796 4291 851 4335 176.
868 4285 983 4350 Scripsit
998 4285 1155 4348 Sigebertus
1170 4284 1269 4333 saeculo
1284 4298 1319 4332 xi.
