3294 5054
526 461 570 510 DE
590 460 817 511 ORDINATIONE
837 460 1056 512 llEGULARIUllI
1302 459 1350 511 381

225 610 316 667 esset
341 601 520 667 habiturus
544 603 793 685 ordinationes,
819 603 861 668 ad
886 626 1133 692 quemcumque
1158 603 1263 668 alium
1283 605 1353 690 epi-

226 739 380 804 scopum,
402 716 485 781 dum
505 723 620 781 tamen
641 716 683 780 ab
699 740 738 781 eo
754 717 913 805 episcopo
932 719 991 805 qui
1006 717 1141 782 ordines
1158 717 1352 798 contulerit,

226 829 440 894 examinetur
460 829 572 918 quoad
596 830 803 910 doctrinam,
826 837 860 894 et
883 831 964 895 dum
989 831 1054 919 ipsi
1073 831 1262 917 Regulares
1286 853 1353 896 non

226 943 422 1008 distulerint
442 943 483 1008 de
508 944 675 1009 industria
695 944 949 1008 concessionem
974 943 1242 1009 dimissoriarum
1265 945 1300 1008 in
1320 945 1353 1009 id

225 1063 379 1145 tempuS,
402 1079 469 1144 quo
490 1057 671 1145 episcopus
690 1057 904 1122 dioecesanus
928 1057 983 1122 vel
1004 1057 1182 1124 abluturus
1202 1058 1257 1122 vel
1277 1059 1354 1122 nul-

226 1169 278 1235 las
298 1177 389 1234 esset
408 1168 587 1235 habiturus
604 1170 846 1254 ordinationes.
869 1171 1012 1252 Verum,
1035 1194 1112 1236 cum
1137 1195 1155 1236 a
1176 1171 1354 1259 superiori-

225 1281 291 1348 bus
320 1281 545 1370 regularibus,
567 1283 726 1371 episcopo
756 1283 946 1348 dioecesano
975 1283 1115 1349 absente
1137 1284 1192 1348 vel
1221 1284 1353 1348 ordina-

226 1397 337 1462 tiones
365 1418 434 1461 non
464 1395 623 1478 habente,
653 1397 777 1462 littera
804 1396 1004 1462 dimissoriec
1036 1397 1223 1478 dabuntur,
1246 1398 1281 1462 in
1305 1398 1353 1462 eis

225 1511 345 1598 utique
365 1509 561 1598 hujusmodi
582 1533 719 1575 causam
738 1509 900 1576 absentiae
925 1511 1107 1576 dioecesani
1127 1511 1275 1599 episcopi
1299 1511 1353 1576 vel

227 1623 480 1688 ordinationum
500 1622 541 1688 ab
567 1647 605 1688 eo
627 1646 695 1688 non
714 1623 962 1707 habendarum,
986 1625 1241 1714 exprimendam
1265 1647 1350 1690 esse.

228 1735 327 1816 Quod
347 1737 490 1824 quinon
512 1737 668 1818 fecerint,
691 1736 793 1801 officii
813 1744 847 1802 et
861 1738 1037 1825 dignitatis
1058 1761 1118 1804 seu
1137 1738 1352 1803 administra-

226 1850 342 1931 tioniS‚
365 1873 403 1914 ac
423 1851 518 1915 vocis
537 1851 657 1916 activae
672 1857 706 1915 ct
726 1851 870 1938 passivae
886 1851 1086 1938 privationis
1105 1875 1144 1917 ac
1164 1852 1247 1917 alias
1266 1851 1353 1916 arbi-

227 1964 292 2029 trio
321 1963 355 2029 S.
393 1964 435 2028 D.
473 1964 516 2029 N.
548 1988 643 2053 papae
681 1972 869 2030 reservatas
907 1965 1092 2031 incurrant.
1133 1965 1171 2030 In
1209 1989 1353 2054 quorum

228 2077 346 2159 Iidem,
370 2085 434 2145 etc.
458 2079 583 2143 Datum
604 2079 721 2142 Romae
742 2078 797 2142 die
819 2081 858 2144 15
880 2079 1006 2144 mensis
1026 2080 1137 2144 martii
1164 2079 1280 2147 15961.
1303 2109 1318 2140 n

274 2193 346 2257 Hoc
372 2199 486 2256 autem
513 2191 687 2257 decretum
714 2193 825 2279 quoad
851 2193 948 2280 plura
974 2194 1166 2258 authentice
1190 2195 1353 2282 interpre-

228 2307 291 2373 tati
311 2313 391 2370 sunt
411 2313 485 2370 tum
511 2305 728 2370 Innocentius
752 2305 849 2386 XIII,
872 2307 907 2370 in
930 2306 1023 2372 bulla
1043 2308 1230 2394 Apostolici
1255 2310 1353 2372 mini-

226 2421 338 2503 sterii,
363 2419 405 2485 30
430 2421 510 2484 maii
536 2419 638 2498 1723,
660 2425 675 2502 ξ
697 2419 737 2485 16
751 2425 772 2500 ³,
795 2427 869 2484 tum
891 2420 1096 2486 Benedictus
1120 2421 1209 2502 XIV,
1237 2423 1271 2486 in
1292 2423 1349 2488 cit.

228 2531 323 2598 bulla
342 2533 510 2617 impositi.
534 2533 616 2614 Quae
636 2533 933 2621 interpretationes
954 2533 1039 2599 infra
1059 2535 1260 2601 reseruntur.

275 2776 369 2845 159.
385 2814 429 2825 —
448 2777 655 2864 Expositio
671 2775 776 2864 jurts
796 2777 1030 2844 communis.

274 2893 306 2953 1ο
335 2889 495 2978 Superior
526 2889 691 2976 regularis
715 2891 779 2976 jus
813 2890 914 2954 tabet
937 2891 1073 2955 subdito
1103 2913 1164 2956 suo
1200 2893 1351 2977 reputari

227 3005 404 3068 concedere
429 3004 560 3068 litteras
590 3004 799 3068 dimissorias
827 3005 871 3068 ad
900 3003 1049 3069 ordines.
1080 3042 1125 3052 -
1155 3003 1351 3070 Clarissime

229 3124 364 3183 constat
383 3139 425 3182 ex
443 3117 560 3182 relatis
579 3117 734 3182 decretis.
759 3155 804 3166 —
822 3116 959 3182 Alicubi
979 3117 1050 3182 hano
1068 3119 1219 3184 dimissio
1239 3119 1352 3184 subdi·

227 3237 341 3296 torum
370 3231 412 3296 ad
437 3231 626 3319 episcopos,
657 3238 798 3296 vocatur
824 3233 1057 3317 praesentatio
1088 3239 1127 3297 ut
1155 3255 1244 3320 saepe
1272 3241 1350 3298 ante

229 3345 410 3410 concilium
449 3345 541 3409 Trid.
581 3345 767 3432 Utriusque
805 3344 961 3410 vocabuli
994 3344 1084 3409 idem
1121 3353 1174 3411 est
1211 3349 1350 3412 omnino

228 3481 360 3524 sensus.

272 3572 308 3635 20
330 3572 479 3637 Tenetur
502 3571 702 3658 regulariter
728 3571 788 3636 has
814 3571 1024 3636 dimissorias
1050 3571 1194 3658 dirigere
1218 3573 1262 3638 ad
1280 3577 1351 3660 epi-

225 3708 366 3771 scopum
385 3686 624 3768 dioecesanum,
646 3707 768 3773 nempe
788 3685 831 3750 ad
850 3685 1046 3772 episcopum
1067 3687 1159 3752 illias
1184 3697 1350 3753 monaste-

228 3801 272 3864 rii
292 3800 325 3864 in
346 3801 446 3886 cujus
457 3799 592 3884 familia
607 3800 788 3884 Repularic
803 3800 936 3884 positus
955 3801 1097 3884 [uerita
1112 3803 1183 3866 auis
1201 3804 1350 3887 superio-

259 4019 268 4053 ¹
286 4019 367 4081 Apud
380 4018 556 4067 Bcuedtctum
572 4017 644 4076 XIV,
661 4019 718 4066 ead.
734 4017 807 4066 bulla
823 4016 959 4078 Impositi,
975 4021 987 4077 ξ
1003 4022 1025 4066 5.

259 4097 270 4131 ¹
287 4096 359 4145 Butl.
376 4095 461 4152 Rom„
478 4099 498 4145 t.
514 4111 553 4155 xi,
570 4101 639 4159 part.
661 4102 688 4154 2,
705 4111 732 4159 p.
749 4100 803 4143 ¹260.
822 4119 853 4131 -
868 4095 934 4144 Haec
951 4096 1059 4159 quidem
1078 4097 1151 4146 bulla
1167 4113 1220 4146 non
1243 4103 1284 4146 est
1299 4099 1348 4146 nisi

227 4190 277 4239 pro
293 4175 446 4238 Hispaniis,
462 4175 509 4223 scd
526 4175 607 4223 bullae
622 4179 727 4238 partem
742 4189 802 4237 quae
818 4188 874 4222 rem
890 4177 1011 4223 nostram
1025 4176 1147 4238 respicIt‚
1165 4175 1247 4224 relcrt
1262 4176 1347 4225 Bene-

228 4253 317 4303 dictus
330 4252 394 4300 xlv
410 4253 436 4300 ln
453 4251 527 4300 bulla
539 4251 676 4316 Impositi,
692 4257 704 4313 5
719 4257 742 4311 8,
759 4255 786 4301 et
801 4250 922 4300 extendit
937 4254 970 4300 ad
986 4255 1074 4301 totum
1089 4252 1196 4311 orbem,
1210 4257 1222 4312 ᾖ
1236 4259 1272 4301 lt.
