3294 5054
349 495 400 546 420
616 496 659 545 DE
680 496 817 546 LEGIBUS
837 495 950 545 SACRAE
969 495 1206 546 ORDINATIONIS

349 639 488 720 tatibus,
511 639 598 703 sicut
617 639 652 702 in
673 637 858 704 Ordinibus
878 637 1106 724 regularibus;
1130 645 1176 716 et,
1195 639 1223 702 si
1243 638 1468 718 dimittantur,

349 753 482 818 nullum
498 753 555 839 jus
575 751 701 816 habent
722 751 859 839 petendi
878 752 1075 840 quidquam,
1093 774 1155 816 nec
1176 753 1278 816 etium
1297 752 1469 832 alimenta,

350 867 392 932 ab
411 867 569 954 episeopo
589 866 742 954 propri03
759 867 827 929 imo
840 874 980 930 manent
999 867 1155 954 suspensi
1171 867 1278 930 donee
1299 867 1472 931 inueniant

349 981 497 1069 aliquem
517 981 713 1068 episcopum
733 981 931 1044 benevolum
953 989 1176 1064 receptorem.,·
1196 1002 1292 1065 erg0,
1321 989 1398 1068 post
1417 979 1472 1044 de-

350 1103 479 1160 cretum
500 1095 621 1159 Auctis
627 1145 637 1176 ,
661 1094 748 1158 sacto
768 1101 820 1159 est
841 1094 972 1159 inutilis
997 1093 1150 1158 condicio
1170 1093 1468 1181 excorporationis

349 1249 393 1259 —
421 1209 470 1274 Ex
499 1209 605 1273 altera
633 1215 748 1272 eutem
777 1215 889 1294 parte,
916 1208 1051 1295 quoties
1079 1207 1192 1295 aliqua
1223 1207 1376 1271 condicio
1405 1229 1472 1271 ser-

349 1323 461 1388 vanda
480 1321 710 1410 praescribitur
728 1322 762 1386 in
782 1321 931 1401 indulto,
955 1323 1085 1386 servari
1105 1321 1222 1402 debet,
1245 1323 1310 1386 nisi
1334 1321 1472 1385 eviden-

350 1445 401 1502 ter
420 1437 673 1501 demonstretur
692 1459 766 1500 eom
787 1435 911 1500 factam
931 1459 1004 1500 esse
1024 1459 1163 1524 prorsus
1182 1436 1354 1511 inutilem;
1378 1435 1473 1522 atqui

349 1551 502 1615 condicio
529 1549 817 1638 excorporetionis
844 1549 932 1613 facta
959 1549 1096 1638 quidem
1124 1557 1176 1614 est
1201 1549 1348 1621 inutilis,
1371 1557 1408 1612 ut
1423 1548 1472 1611 di-

349 1673 442 1730 ctum
476 1672 544 1746 est,
575 1687 636 1752 pro
670 1665 752 1728 viris
788 1663 956 1749 religiosis
990 1663 1155 1728 ordinatis
1191 1665 1225 1728 in
1258 1664 1378 1746 oacrio,
1414 1663 1471 1750 qui

348 1775 462 1839 forsan
495 1774 736 1860 egrederentur
763 1797 804 1837 ex
837 1773 1013 1854 instituto,
1039 1797 1108 1838 nou
1132 1796 1212 1837 vero
1236 1797 1296 1862 pro
1326 1773 1471 1838 alumnis

349 1889 513 1952 ordinatis
539 1894 674 1952 tantum
702 1889 736 1950 in
764 1888 968 1970 minoribus,
998 1888 1122 1976 quippe
1149 1889 1223 1976 qui,
1245 1889 1332 1951 sicut
1358 1895 1470 1963 autea,

348 2002 446 2066 facile
474 2002 590 2088 egredi
621 2008 679 2066 aut
705 2001 831 2066 dimitti
858 2002 990 2089 possint
1021 2025 1039 2066 e
1069 2025 1129 2065 suo
1159 2002 1332 2080 institut0,
1366 2011 1398 2065 ct
1429 2001 1473 2064 ad

348 2117 519 2203 propriam
533 2115 666 2202 regredi
685 2115 869 2180 dioecesim.

393 2227 475 2306 Quae
495 2251 573 2293 cum
594 2229 672 2292 hinc
692 2229 770 2292 inde
790 2229 1057 2316 disputarentur,
1081 2253 1135 2293 nn.
1161 2229 1257 2310 1894,
1280 2230 1314 2292 in
1334 2228 1471 2292 dioecesi

348 2343 543 2422 Parisiensi,
562 2343 668 2407 Emus
683 2344 774 2408 cord.
793 2341 952 2424 Richard,
969 2341 1241 2431 archiepiscopus
1255 2343 1468 2420 Parisiensis,

347 2456 487 2522 dubium
508 2457 587 2537 hoc,
609 2457 696 2520 inter
715 2457 792 2538 alia,
814 2457 990 2544 proposuit
1010 2443 1332 2543 &congregationi
1352 2457 1413 2544 Ep.
1437 2464 1470 2520 et

348 2571 457 2657 Reg.:
480 2597 495 2631 u
520 2570 577 2634 lV.
599 2571 721 2636 Utrum
741 2593 846 2650 nunc,
869 2579 947 2658 post
966 2571 1140 2636 decretum
1159 2571 1295 2654 Auctis,
1318 2571 1473 2636 condicio

346 2684 636 2772 excorporatiouis
667 2684 845 2748 ordinandi
874 2707 893 2749 a
929 2685 1064 2772 propria
1093 2685 1246 2764 dioecesi,
1283 2671 1376 2772 quse,
1412 2709 1474 2773 per

346 2799 497 2880 indulta,
529 2822 617 2886 srepc
646 2799 833 2886 imponitur
864 2798 1011 2864 alumnis
1044 2799 1280 2864 institutorum
1313 2809 1472 2865 votorum

346 2913 568 3001 simplicium,
590 2919 628 2976 ut
646 2913 689 2976 ad
708 2912 844 2977 ordines
864 2935 882 2978 a
907 2911 1137 3002 superioribus
1158 2913 1228 2978 suis
1247 2913 1374 2979 dimitti
1393 2937 1472 3001 pos-

346 3027 431 3107 sint,
454 3026 541 3090 iactu
570 3027 614 3091 sit
643 3027 859 3109 rainutius,
889 3034 927 3092 ut
951 3050 1019 3092 non
1043 3028 1190 3117 amplius
1214 3027 1364 3114 obliget;
1389 3057 1404 3088 n
1428 3028 1473 3092 ad

346 3141 437 3228 quod
465 3141 606 3206 dubium
634 3142 670 3207 S.
702 3141 828 3228 Congr.
859 3142 1046 3230 respoudit,
1077 3141 1131 3206 die
1163 3143 1202 3208 13
1235 3142 1312 3230 julii
1343 3141 1427 3208 1894
1461 3162 1469 3206 :

346 3283 361 3315 c
387 3255 442 3318 Ad
468 3253 526 3335 IV,
553 3257 797 3340 affirmetioc¹;
830 3283 845 3314 »
879 3255 914 3319 id
938 3263 991 3320 est
1015 3256 1062 3320 ita
1083 3255 1171 3321 sacta
1191 3263 1242 3320 est
1261 3257 1409 3338 inutilis,
1432 3265 1471 3321 ut

345 3391 413 3432 non
438 3368 583 3456 amplius
607 3367 747 3455 obliget.
779 3369 926 3451 Revera,
960 3369 1064 3451 sicut,
1091 3371 1125 3434 in
1152 3369 1278 3436 Ordine
1303 3371 1468 3456 regulari,

318 3489 320 3494 ’
345 3482 579 3568 excorporatio
604 3482 668 3546 viri
693 3483 857 3568 regularis
881 3507 898 3548 e
923 3485 1058 3571 propria
1081 3483 1220 3549 dioecesi
1244 3485 1283 3548 fit
1303 3485 1376 3571 ipso
1392 3484 1472 3570 jure

345 3617 404 3681 per
423 3595 680 3682 professionem,
699 3597 781 3684 quin
796 3597 1011 3684 requirentur
1026 3597 1148 3663 litterae
1163 3597 1469 3685 excorporotioniS,

345 3709 392 3772 ita
418 3731 520 3789 nunc,
542 3717 620 3796 post
647 3711 820 3775 decretum
840 3711 977 3796 Auctis,
1000 3713 1101 3776 etiem
1122 3713 1156 3776 in
1186 3713 1352 3777 institutis
1372 3719 1471 3776 roto-

345 3845 419 3886 rum
439 3823 658 3910 simplicium,
680 3826 912 3912 excorporatio
933 3825 971 3889 fit
991 3827 1061 3912 ipso
1075 3829 1160 3913 jure
1179 3850 1239 3914 per
1259 3829 1472 3891 emissionem

345 3945 517 4020 votorum,
543 3960 621 4001 cum
647 3941 831 4023 receptione
851 3941 980 4004 ordinis
1002 3943 1091 4006 socri
1114 3943 1355 4026 conjunctam
1377 3939 1471 4004 unde

346 4050 441 4115 factae
470 4059 551 4116 sunt
584 4051 722 4116 inutiles
755 4052 877 4117 litterae
911 4043 1209 4142 excorporationis.
1242 4095 1284 4104 —
1313 4054 1412 4135 Quod
1440 4055 1474 4118 si

378 4303 386 4334 ¹
406 4301 470 4349 Haec
486 4303 614 4364 exscripsi
631 4317 662 4349 cx
678 4303 834 4352 authentico
849 4305 1003 4366 exemplari.
