3300 5056
378 482 422 532 DE
440 482 651 536 TEMPORIBUS
670 485 712 536 ET
731 486 814 538 LOCO
833 485 1086 538 ORDINATIONUM
1239 483 1292 536 257

214 625 251 689 20
264 625 313 690 De
334 626 435 692 solita
455 627 580 694 borum
601 629 814 695 indultorum
833 630 985 697 clausula
1005 631 1045 694 de
1060 630 1178 696 diebus
1195 632 1292 717 festi-

169 741 230 805 vis.
253 777 296 790 —
320 737 463 818 Quando
490 741 524 808 S.
552 741 657 808 Sedes
684 743 839 810 concedit
864 744 1000 810 ordines
1026 744 1170 810 conferri
1195 754 1292 811 entra

170 861 339 939 temporo,
357 854 473 942 jubet,
495 856 540 920 ad
563 857 764 923 servandam
788 858 1060 948 antiquissimam
1079 858 1294 948 disciplinam

169 991 189 1032 a
209 968 244 1034 S.
267 967 397 1050 Leone,
418 976 458 1035 ut
481 970 610 1037 dictum
634 978 702 1053 est,
725 978 906 1055 statutam,
928 995 986 1038 eos
1009 971 1154 1038 conferri
1176 974 1295 1040 diebus

170 1083 348 1149 dominicis
367 1093 427 1150 aut
446 1085 587 1171 festivis,
605 1093 680 1166 aut,
697 1109 765 1153 uno
785 1085 901 1168 verbo,
919 1088 1037 1152 diebus
1054 1089 1195 1174 festivis.
1214 1088 1295 1155 Haeo

171 1219 252 1283 ergo
279 1197 407 1263 locutio
433 1197 592 1286 designat
616 1200 764 1287 primum
789 1201 859 1266 dies
884 1201 1068 1266 dominicos
1097 1208 1130 1266 et
1158 1201 1297 1290 insuper

172 1311 242 1376 dies
259 1313 409 1396 festivos.
432 1312 561 1379 Porro:

217 1449 248 1491 a.
267 1425 349 1491 Dies
367 1428 482 1512 festivi
501 1427 681 1516 dequibus
700 1429 754 1494 hio
775 1429 887 1516 agitur
906 1452 975 1495 non
994 1436 1074 1495 sunt
1093 1431 1298 1520 quicumque

173 1540 246 1608 dies
270 1540 365 1620 festi,
392 1540 453 1605 sed
475 1547 610 1608 tantum
634 1543 704 1607 dies
726 1544 806 1629 sesti
825 1544 887 1630 qni
909 1551 1089 1609 servantur
1111 1566 1131 1608 a
1150 1545 1296 1631 populo,

172 1661 211 1722 ut
244 1655 374 1720 dictum
406 1662 459 1721 est
491 1678 594 1743 supra
626 1680 686 1744 pro
723 1657 904 1722 collatione
938 1657 1096 1722 ordinum
1129 1658 1299 1724 minorum

174 1769 229 1859 (n.
252 1769 325 1853 95,
346 1770 411 1859 3⁰).
439 1770 552 1837 Nam:
581 1769 611 1837 l.
635 1769 723 1836 Cum
752 1771 787 1835 in
809 1773 894 1858 jure
918 1771 990 1836 haeo
1019 1770 1186 1838 voeabula
1211 1772 1300 1838 desi-

174 1890 283 1974 gnent
301 1890 436 1950 tantum
455 1883 527 1949 dies
550 1885 689 1970 festivos
712 1886 752 1949 de
772 1892 956 1972 precepto,
980 1885 1138 1950 eumdem
1162 1909 1300 1952 sensum

174 1997 324 2065 habeant
341 2020 480 2064 neeesse
500 1997 607 2064 estin
627 1999 785 2083 indultis,
802 1999 844 2066 de
864 1998 982 2064 eadem
1003 1999 1162 2081 materia,
1178 2023 1301 2090 nempe

175 2113 217 2179 de
244 2113 472 2194 ordinatione,
498 2111 694 2200 agentibus,
721 2113 787 2178 nisi
812 2113 911 2180 aliter
939 2136 1098 2201 expresse
1122 2123 1298 2197 caveatur;

176 2267 221 2278 -
240 2228 273 2294 2.
300 2227 340 2293 ln
363 2227 427 2292 hoo
454 2250 557 2293 sensu
583 2250 717 2315 semper
742 2249 781 2294 ea
807 2226 940 2293 indulta
966 2227 1195 2316 interpretatae
1221 2237 1302 2295 sunt

177 2344 340 2410 Romanae
368 2340 677 2430 Congregationes;
709 2342 773 2423 sio,
796 2365 829 2407 v.
855 2365 905 2429 g„
932 2341 969 2408 S.
991 2340 1116 2429 Congr.
1140 2332 1299 2426 Consilii,

179 2465 252 2523 tum
275 2458 310 2522 in
334 2479 434 2522 causa
458 2478 561 2544 quam
585 2455 687 2521 refert
710 2455 851 2542 Fagnan
875 2455 910 2520 in
934 2478 1007 2543 cap.
1034 2455 1084 2520 lle
1106 2477 1144 2520 eo
1169 2455 1224 2542 (3,
1252 2457 1302 2522 Dn

178 2593 273 2640 rnna.
291 2570 396 2660 ann),
419 2593 454 2636 n.
472 2569 534 2652 42;
557 2577 631 2635 tum
649 2569 685 2635 in
706 2570 1021 2656 Cesarauqustana,
1043 2569 1085 2635 26
1101 2569 1174 2656 jan.
1194 2569 1299 2652 1581;

176 2695 251 2752 tum
278 2686 314 2751 in
342 2685 512 2769 artaba,
542 2685 583 2750 15
605 2684 677 2773 jan.
708 2683 813 2765 16893
844 2684 880 2748 in
908 2683 971 2749 hac
998 2683 1210 2766 ultima,-ad
1239 2683 1302 2750 boc

177 2802 384 2890 quaesitum:
413 2801 508 2866 «An
532 2799 652 2864 diebus
677 2797 774 2864 festis
798 2797 1006 2886 duplicibus,
1034 2820 1101 2864 non
1128 2805 1239 2863 tamen
1262 2800 1303 2864 de

174 2923 358 3002 praecepto,
381 2915 516 3002 possint
539 2912 675 2978 ordines
700 2912 787 2978 sacri
810 2911 954 2977 conferri
977 2910 1180 2978 habentibus
1200 2911 1304 2978 breve

177 3028 443 3118 dispensationis
462 3027 657 3115 apostolieae
677 3049 777 3115 super
796 3025 1006 3108 interstitiis,
1027 3026 1082 3090 vel
1102 3033 1198 3092 extra
1217 3034 1303 3093 tem·

177 3167 275 3233 pora,
300 3171 317 3206 n
336 3141 535 3232 respondit:
563 3168 579 3202 ιι
603 3141 781 3226 Neqative,
803 3139 864 3205 sed
883 3147 1018 3206 tantum
1037 3140 1155 3206 diebus
1173 3141 1303 3226 festivis

177 3260 218 3324 de
232 3262 433 3344 praeceptat
459 3284 475 3317 »

223 3373 257 3439 h.
281 3371 458 3439 Ordinatio
477 3370 551 3436 fleri
568 3375 682 3458 potest
701 3367 754 3434 his
773 3368 892 3433 diebus
914 3368 1044 3454 festivis
1063 3370 1104 3434 de
1118 3349 1300 3456 precepto,

178 3487 281 3552 etiam
300 3482 448 3574 quando,
470 3484 505 3548 in
523 3483 641 3574 populi
665 3481 832 3565 favorem,
854 3482 1025 3548 dimidiati
1044 3489 1140 3567 sunt,
1161 3491 1201 3550 ut
1224 3507 1303 3550 con·

178 3607 248 3667 stat
273 3607 347 3666 tum
373 3622 415 3664 ex
440 3605 562 3664 natura
587 3619 716 3678 rerum,
742 3619 823 3662 nam
848 3603 1025 3662 remanent
1049 3619 1128 3663 vere
1154 3599 1196 3664 de
1214 3621 1304 3686 pra-

178 3723 288 3801 cepto,
310 3720 385 3779 tum
403 3735 446 3779 ex
466 3711 500 3778 S.
523 3712 649 3798 Congr.
672 3710 776 3776 Conc.
798 3709 1006 3776 resolutione
1029 3711 1065 3776 in
1090 3711 1301 3798 Timonem,

179 3829 222 3895 20
242 3851 313 3917 apr.
338 3826 436 3908 1782,
458 3826 493 3892 in
512 3849 592 3914 qua,
614 3824 739 3891 adhoc
758 3824 964 3914 quaesitum:
987 3851 1003 3886 ιι
1022 3825 1079 3890 An
1098 3849 1158 3915 pro
1178 3827 1304 3894 haben·

212 4055 290 4105 ¹11oe
308 4055 370 4104 dua·
390 4055 581 4118 responsiones
601 4054 629 4102 in
650 4053 895 4118 Caesaraugustam
914 4055 942 4102 et
958 4053 985 4101 in
1003 4053 1125 4104 Briaien.
1145 4055 1172 4103 in
1192 4059 1305 4107 extenso

179 4135 272 4186 relatae
291 4133 401 4183 suntin
420 4131 488 4195 folio
512 4147 600 4182 causae
621 4131 789 4190 Tirasonen„
810 4136 839 4179 20
859 4146 917 4195 apr.
936 4136 1010 4191 1782,
1036 4132 1205 4193 Thesaurus,
1228 4137 1247 4184 t.
1268 4151 1306 4191 ιι,

180 4230 207 4280 ρ.
223 4219 268 4273 ⁶¹3
287 4239 319 4250 -
338 4211 372 4261 cl.
392 4211 475 4262 etiam
494 4211 610 4270 Giraldi,
630 4214 700 4276 part.
721 4209 760 4270 11,
783 4213 850 4260 sect.
870 4225 909 4272 cr,
931 4227 959 4275 p.
980 4214 1039 4273 96t;
1060 4239 1088 4249 -
1112 4212 1212 4264 Bensd.
1233 4215 1306 4274 xlv,

181 4291 283 4350 instit,
299 4289 374 4350 CVI,
390 4306 417 4341 n.
433 4295 498 4341 5·6.

288 4403 372 4439 anem
386 4401 505 4439 onorata.
1135 4388 1167 4440 l'l
