3246 5052
308 444 360 497 5¹0
645 443 688 494 DE
709 443 839 494 nrrrssts
858 443 1093 493 ORDth‘l'lONlS

355 589 386 654 l⁰
397 591 660 654 Demonstratur
671 587 743 652 herc
755 587 869 675 opinio
882 589 994 675 quoad
1005 595 1183 675 utramque
1195 589 1268 676 ejus
1279 599 1431 677 partem:

351 705 395 770 Α.
418 704 594 789 Imposilio
615 724 780 766 manuum
808 725 887 766 cum
906 703 1016 766 verbis
1041 703 1190 768 relatiuis
1212 705 1349 768 omnino
1379 729 1436 769 ne-

307 820 448 884 cessaria
468 827 500 882 et
519 817 704 882 essentialis
723 825 771 880 est
797 817 1005 880 ordinationi
1023 817 1232 883 diaconatus.
1249 857 1292 866 -
1311 819 1400 884 Nam
1422 841 1432 885 :

355 931 384 999 l.
406 929 857 1018 Argumentum'deducitur
876 953 918 994 ex
938 929 1109 1018 Scriptura
1135 955 1245 1007 saera,
1267 933 1355 998 sicut
1376 957 1432 998 su-

306 1071 366 1136 pra
388 1062 436 1134 tn.
460 1046 555 1128 256,
578 1045 622 1133 1⁰)
644 1069 704 1132 pro
725 1045 975 1133 presbyteratu.

352 1163 384 1226 2.
407 1161 445 1225 ln
466 1167 536 1225 tota
562 1160 713 1224 Ecclesia
738 1159 860 1240 latina,
884 1159 955 1223 sive
975 1159 1061 1224 ritus
1085 1160 1230 1240 romani,
1253 1161 1324 1225 sive
1344 1163 1432 1226 ritus

306 1275 481 1363 gallicani,
504 1297 639 1361 semper
657 1272 810 1338 adhibita
829 1280 881 1338 est
904 1273 1077 1360 impositio
1101 1297 1261 1338 manuum
1285 1275 1320 1338 in
1340 1276 1430 1340 ordi-

307 1392 443 1456 natione
472 1389 684 1454 diaconatus.
716 1388 839 1452 Petrus
870 1386 1067 1463 comestor,
1097 1389 1298 1453 auctoritate
1330 1389 1432 1454 Beda>

307 1505 419 1581 nixus,
441 1503 523 1568 dicit
542 1503 577 1566 in
597 1501 802 1590 quibusdam
822 1501 975 1566 ecclesiis
995 1503 1248 1589 impositionem
1267 1525 1428 1568 manuum

306 1643 375 1684 non
394 1616 546 1683 adhiberi
572 1617 607 1680 in
634 1615 848 1680 ordinatione
870 1609 1101 1682 diaconatum.
1122 1617 1189 1682 Sed
1216 1617 1280 1681 boe
1303 1616 1429 1681 lactum

306 1733 445 1798 omnino
472 1731 645 1816 singulare
672 1738 740 1803 est,
763 1753 826 1794 nec
852 1730 911 1794 diu
932 1729 1084 1810 duravit,
1105 1738 1144 1795 ut
1170 1739 1304 1796 constat
1322 1731 1429 1795 omni-

306 1847 371 1912 bus
389 1845 604 1910 documentis
623 1868 724 1932 supra
744 1844 878 1924 relatis,
898 1843 956 1908 ubi
976 1845 1018 1909 de
1037 1844 1160 1910 ritibus
1179 1846 1375 1910 diaconatus
1395 1846 1429 1909 in

308 1960 460 2026 Ecclesia
486 1959 604 2024 latina.
628 1996 670 2007 -
697 1957 782 2033 lmo,
804 1981 864 2046 per
890 1965 1022 2046 septem
1047 1966 1107 2024 aut
1133 1965 1210 2023 octo
1236 1959 1348 2046 priora
1368 1982 1428 2022 sar·

307 2074 398 2154 cula,
422 2071 495 2138 sola
519 2071 669 2138 adhibita
694 2071 937 2159 estimpositio
957 2095 1136 2154 manuum,
1162 2073 1313 2138 nondrun
1332 2071 1428 2136 indu-

307 2197 360 2253 cta
380 2186 561 2251 traditione
580 2185 657 2249 libri
676 2185 944 2272 evangeliorum.

352 2303 383 2368 3.
408 2301 446 2365 ln
472 2300 622 2365 Ecclesia
647 2299 829 2379 Orientali,
851 2323 984 2388 semper
1008 2300 1090 2364 item
1115 2299 1265 2364 adhibita
1285 2301 1347 2364 luit
1366 2300 1428 2362 im-

307 2416 430 2506 positio
443 2434 622 2494 manuum;
639 2415 717 2488 imo,
731 2415 759 2477 si
773 2413 922 2500 excipias
936 2415 1107 2478 Armenos
1123 2413 1250 2501 (supra,
1266 2438 1301 2479 n.
1320 2413 1425 2498 2465..

306 2531 377 2595 sola
410 2531 519 2595 adhuc
564 2528 744 2594 adhibetur
777 2535 946 2615 quatenus
979 2529 1063 2592 ritus
1097 2528 1316 2606 essentialis;
1351 2550 1427 2590 uam

307 2645 475 2733 porrectio
499 2643 723 2731 quorumdam
748 2644 1053 2708 instrumentorum
1077 2644 1111 2706 in
1136 2643 1340 2730 quibusdam
1359 2643 1429 2705 riti-

308 2759 371 2825 bus
395 2757 616 2823 orientalibus
638 2758 785 2844 (flabelli
814 2758 903 2844 apud
937 2759 1090 2837 Graecos,
1120 2780 1238 2844 supra,
1260 2781 1295 2821 n.
1329 2755 1428 2840 218;

309 2875 389 2937 libri
415 2874 636 2958 epistolarum
662 2871 752 2958 apud
783 2872 986 2952 Maronitas,
1017 2894 1136 2957 supra,
1165 2896 1198 2937 n.
1234 2871 1331 2950 225)
1361 2893 1426 2934 non

307 2995 421 3075 potest
447 2986 570 3052 habere
595 2987 760 3051 rationem
787 2987 954 3066 materiae,
978 3010 1056 3050 cum
1088 2987 1146 3050 fiat
1176 2986 1250 3049 sine
1279 2985 1431 3048 oratione

308 3101 499 3166 autlormu.

353 3217 384 3279 l.
415 3217 465 3279 lix
493 3217 638 3278 Slatutis
673 3215 828 3278 Ecclesia
859 3215 1011 3300 antiquis
1042 3214 1131 3278 idem
1161 3237 1300 3302 prorsus
1332 3235 1431 3298 argu-

308 3337 460 3393 mentum
481 3328 659 3392 deducitur
678 3351 738 3416 pro
759 3327 939 3392 diaconatu
959 3328 1051 3416 quod
1071 3353 1173 3416 supra
1194 3331 1241 3416 (n.
1265 3327 1363 3408 256,
1382 3327 1428 3410 10)

307 3467 368 3531 pro
401 3443 649 3530 presbyteratu.
679 3479 723 3492 -
752 3441 846 3506 Idem
876 3441 969 3507 dicas
1002 3444 1044 3506 de
1074 3443 1217 3507 concilio
1245 3441 1427 3521 Meldensi,

308 3581 363 3623 an.
387 3558 463 3635 aaa,
486 3559 568 3621 rua
591 3557 701 3622 renti.

353 3674 384 3736 5.
412 3671 540 3734 Textus
574 3671 722 3758 plurium
751 3671 888 3735 Patrum
925 3695 1026 3757 supra
1058 3677 1104 3756 (n.
1140 3672 1235 3756 256,
1261 3673 1310 3758 l0)
1334 3633 1429 3734 relati

308 3809 341 3849 v.
370 3810 419 3872 g.,
450 3785 485 3850 S.
515 3785 730 3871 Hieronymi,
767 3784 972 3866 Innocentii‚
1005 3808 1076 3849 rem
1111 3785 1348 3849 demonstrant
1372 3805 1431 3870 pro

308 3899 488 3962 diaconatu
508 3921 602 3985 mque
623 3923 660 3962 ac
681 3923 740 3985 pro
761 3897 1011 3986 presbyteratu.
1031 3885 1034 3892 ‚

340 4103 347 4134 ¹
367 4102 464 4150 Petrus
479 4103 629 4150 Comcstur.
646 4101 764 4148 Historia
780 4101 950 4160 scholastica,
967 4103 993 4149 in
1009 4095 1092 4149 Actus
1107 4103 1201 4164 apost,
1218 4115 1241 4148 c.
1256 4115 1315 4158 xxx,
1333 4099 1432 4160 usgue,

307 4181 336 4229 P.
354 4182 392 4238 b,
414 4185 433 4229 t.
455 4196 565 4236 cxcirn,
588 4181 639 4227 col.
664 4185 730 4228 1663.
747 4207 778 4217 -
797 4181 939 4228 Comestor
961 4196 1014 4228 non
1036 4179 1119 4229 relert
1140 4179 1229 4228 locum
1250 4179 1319 4228 Ven.
1338 4179 1430 4231 uedae.

307 4260 378 4306 unde
395 4261 445 4306 ista
462 4262 600 4306 mutuatus
615 4262 669 4316 cst,
686 4273 735 4306 nce
750 4259 865 4306 multum
881 4259 1032 4308 attenditur
1046 4259 1103 4322 ejus
1117 4257 1274 4307 auctoritas.
