3316 5052
344 445 396 500 268
611 447 655 497 DE
674 445 814 498 LEGIBUS
832 446 946 498 SACRAE
963 445 1200 498 oaommoms

344 588 508 662 deberent,
520 588 590 649 loeo
601 609 694 672 quem
707 555 800 649 hodie
810 595 928 650 tenent.
941 587 1031 658 Quod
1040 595 1196 649 testantur
1206 587 1264 647 tria
1274 586 1466 668 apocrypha,

344 693 458 754 saeeulo
472 714 502 752 vr
517 693 645 754 ineunte
660 693 809 770 conficta,
826 715 937 776 nempe
951 693 1112 754 decretum
1128 692 1204 754 Caio
1219 691 1395 772 (ast-296)
1411 691 1469 754 tri-

344 798 476 860 butum:
497 823 511 854 a
535 797 594 858 Hic
613 799 777 860 constituit
791 805 826 859 ut
841 798 966 859 ordines
980 818 1088 859 omnes
1103 798 1136 858 in
1152 797 1282 858 ecelesia
1299 797 1344 858 sie
1358 815 1469 858 aseen-

344 902 490 964 deretur:
509 903 622 985 siquis
641 904 806 985 episeopus
824 911 1007 978 mereretur,
1023 909 1059 964 ut
1075 909 1157 964 esset
1174 901 1339 980 ostiarius,
1358 901 1467 978 lector,

343 1007 515 1085 exorcista,
530 1028 680 1091 sequens,
693 1007 922 1088 subdiaconus,
937 1007 1103 1085 diaeonus,
1116 1006 1298 1090 presbyter,
1313 1013 1344 1066 et
1356 1006 1469 1066 exinde

344 1111 509 1194 episeopus
528 1113 726 1174 ordinaretur
738 1115 760 1176 ¹.
780 1113 901 1183 »Quod
921 1113 985 1176 iere
1003 1119 1150 1196 repetunt
1163 1111 1335 1174 concilium
1353 1112 1470 1172 Roma-

346 1239 422 1278 num
441 1217 500 1280 275
521 1209 739 1300 episcoporum
761 1218 819 1279 sub
841 1219 1008 1294 Silvestro,
1027 1226 1058 1280 et
1076 1217 1290 1280 Constitutum
1309 1216 1468 1290 Silvestri‚

346 1343 415 1404 cap.
434 1326 467 1382 ll
480 1321 508 1396 ¹;
525 1323 557 1382 in
572 1320 632 1384 hoc
647 1322 757 1383 ultimo
771 1323 951 1405 apocrypho
966 1323 1122 1384 omittitur
1136 1321 1328 1384 ostiariatus.

387 1433 419 1488 2⁰
438 1425 581 1489 Gelasius
600 1427 742 1510 quidem,
759 1429 850 1510 epist.
870 1450 930 1502 xrv,
951 1427 1005 1490 Ad
1020 1427 1179 1510 episcopos
1198 1427 1363 1503 Lucaniae,
1379 1447 1411 1488 n.
1433 1429 1467 1500 2,

348 1532 499 1615 permittit
524 1533 627 1594 omitti
655 1532 734 1594 duos
757 1533 882 1594 ordines
905 1535 1055 1608 minores,
1081 1554 1192 1614 nempe
1216 1531 1412 1594 ostiariatum
1438 1538 1471 1590 et

347 1637 586 1715 exorcistatum,
604 1637 658 1699 sed
672 1645 800 1720 propter
813 1639 994 1720 gravissima
1010 1647 1185 1720 temporum
1200 1639 1402 1719 locorumque
1413 1634 1471 1697 ad-

344 1746 471 1826 juncta,
495 1752 529 1804 ut
552 1743 618 1825 ipse
639 1743 683 1805 ait
695 1743 717 1804 ³.
740 1779 781 1790 -
801 1745 881 1805 Cum
905 1744 1034 1806 veroin
1053 1743 1154 1806 Gallia
1176 1743 1324 1826 predicta
1345 1743 1470 1803 decreta

347 1849 590 1930 negligerentur,
611 1856 643 1910 et
660 1849 757 1931 aliqui
777 1849 880 1910 subito
902 1858 956 1910 aut
978 1851 1042 1910 tere
1062 1849 1166 1911 subito
1185 1847 1321 1931 episcopi
1343 1848 1469 1924 fierent,

348 1955 380 2016 S.
395 1955 580 2015 Caelestinus
593 1955 622 2029 1,
636 1955 669 2014 in
681 1955 772 2036 epist.
787 1977 827 2034 ιν,
843 1953 897 2016 Ad
911 1955 1071 2038 episcopos
1082 1953 1256 2038 provincie
1271 1949 1469 2028 Viennensis,

348 2081 378 2120 n.
393 2059 446 2138 4⁴,
462 2067 494 2120 et
508 2059 540 2120 S.
550 2059 725 2140 ¹Gregorius
741 2059 890 2140 Magnus,
904 2061 936 2120 in
949 2061 1040 2142 epist.
1056 2059 1110 2121 Ad
1122 2056 1297 2143 Syapriom
1311 2057 1472 2141 Anqusto·

347 2162 520 2225 dunensem
531 2164 553 2238 ⁵,
571 2165 762 2244 gravissimis
780 2172 812 2226 et
831 2165 1068 2247 sapientissimis
1083 2165 1186 2226 verbis
1203 2165 1302 2244 legem
1317 2162 1471 2244 episcopis

347 2269 379 2328 in
401 2270 583 2330 memoriam
604 2278 772 2344 revocant;
796 2271 828 2332 S.
850 2270 1020 2351 Gregorius
1039 2271 1104 2332 ait:
1126 2295 1142 2328 a
1158 2271 1225 2340 Qua
1239 2269 1278 2329 de
1293 2289 1325 2328 re
1346 2287 1472 2328 necesse

347 2381 394 2435 est
414 2381 449 2434 ut
467 2375 492 2436 si
512 2382 543 2435 et
561 2376 705 2457 quamvis
723 2375 875 2458 inculpati
895 2377 1060 2459 quisquam
1080 2377 1120 2436 sit
1138 2375 1257 2449 meriti,
1276 2379 1349 2435 ante
1367 2379 1473 2433 tamen

343 2500 404 2562 per
425 2477 591 2542 distinctos
612 2479 739 2542 ordines
759 2479 981 2542 ecciesiasticis
1004 2487 1188 2542 exerceatur
1208 2477 1337 2562 officiis.
1359 2477 1474 2538 Videat

348 2585 432 2667 quod
453 2585 604 2660 imitetur,
620 2585 721 2648 diseat
735 2586 820 2668 quod
835 2586 961 2662 doceat,
978 2596 1055 2661 ete.;
1075 2611 1089 2644 »ι
1106 2593 1173 2647 tota
1192 2585 1324 2666 epistola
1341 2581 1472 2664 legenda

349 2699 406 2752 est.
424 2727 459 2736 —
477 2689 526 2752 Cf.
543 2691 637 2750 etiam
652 2691 819 2752 concilium
834 2691 1023 2753 Braearense
1038 2693 1051 2752 1
1067 2695 1135 2768 (an.
1150 2689 1242 2768 563),
1259 2710 1329 2751 ean.
1344 2687 1416 2749 20⁸.
1434 2721 1473 2733 -—

349 2794 530 2856 Notandum
553 2803 657 2856 tamen
681 2795 730 2856 his
754 2817 818 2858 non
847 2797 995 2858 infirmari
1023 2795 1264 2879 probabiliorem
1290 2793 1471 2875 opinionem

349 2922 458 2982 supra,
481 2900 514 2960 in
535 2921 603 2982 cap.
624 2923 633 2962 1
655 2906 704 2977 (n.
725 2904 765 2982 5,
788 2907 831 2981 1⁰)
850 2902 1054 2984 descriptam,
1074 2901 1113 2963 de
1137 2900 1270 2962 transitu
1291 2899 1413 2960 diaconi
1432 2897 1471 2958 ad

349 3007 579 3088 episcopatum,
591 3008 706 3068 omisso
716 3007 948 3089 presbyteratu,
961 3015 1027 3068 tum
1040 3007 1111 3089 quia
1125 3006 1276 3087 agebatur
1289 3005 1327 3065 de
1340 3002 1472 3066 disemo

342 3111 416 3194 jam
435 3110 587 3193 probato,
610 3119 677 3172 tum
700 3113 772 3194 quia
796 3113 964 3174 necessitas
987 3111 1154 3194 aliquando
1178 3109 1317 3194 postulat
1339 3109 1471 3170 relaxari

349 3216 546 3276 severitatem
564 3217 656 3296 legis,
673 3224 708 3278 ut
723 3217 816 3279 etiam
831 3217 969 3279 insinuat
987 3237 1060 3278 mox
1075 3217 1202 3278 allatum
1217 3215 1395 3296 exemplum
1411 3213 1471 3276 Ge·

348 3321 428 3382 lasii.

388 3425 422 3486 3⁰
439 3425 507 3487 Jam
523 3447 540 3487 a
558 3427 672 3488 saeculo
689 3449 734 3502 rx,
750 3447 853 3510 poenae
873 3436 1086 3490 memorantur
1100 3429 1171 3489 latae
1186 3433 1295 3488 eontra
1310 3433 1472 3506 promotos

349 3552 403 3612 per
420 3531 544 3592 saltum.
567 3533 636 3593 Sic:
654 3553 683 3594 a.
699 3533 795 3594 Juxta
814 3533 981 3595 concilium
1001 3533 1222 3594 Suessionense
1242 3532 1271 3592 11
1289 3531 1357 3614 (an.
1377 3530 1469 3606 853),

348 3637 379 3696 in
395 3637 455 3696 fine
470 3636 615 3698 Aetionis
634 3635 690 3714 VI,
710 3663 723 3693 α
741 3639 795 3720 qui
810 3638 907 3714 saltu,
924 3639 991 3700 sins
1006 3639 1104 3719 gradu
1120 3638 1259 3713 diaconi,
1275 3637 1316 3699 ad
1329 3635 1472 3698 sacerdo-

380 3789 388 3824 ¹
408 3789 490 3840 Liber
500 3790 683 3854 pontificalia,
698 3791 794 3852 Cadus,-
809 3793 852 3842 ed.
868 3792 1027 3854 Duchesne,
1043 3797 1063 3843 t.
1077 3809 1099 3853 r,
1115 3807 1142 3856 p.
1157 3797 1210 3842 161.

380 3869 391 3904 ¹
408 3867 577 3930 Harduinus‚
594 3871 685 3928 Cone,
701 3873 721 3920 t.
739 3887 760 3930 ι,
776 3887 803 3935 p.
819 3875 878 3930 528.
894 3876 949 3920 29³.

381 3947 391 3982 ²
407 3947 497 4006 Thiar,
512 3962 539 4010 p.
555 3953 678 3996 aer-soa.

379 4026 390 4058 ⁴
407 4025 511 4088 Mirus,
528 4025 557 4074 P.
574 4027 613 4083 L..
626 4029 646 4074 t.
661 4042 688 4086 ι,
704 4028 755 4076 eol.
771 4031 826 4076 4³3.

380 4103 503 4167 ⁸Epist,
524 4103 572 4151 lib.
587 4103 637 4164 lx,
654 4119 696 4168 ep.
712 4119 770 4166 cv1;
786 4107 892 4170 Migne,
912 4107 942 4158 P.
958 4107 998 4164 1...
1020 4111 1039 4157 t.
1054 4121 1154 4164 uxxvn,
1170 4106 1221 4158 eol.
1236 4111 1390 4156 toto-10³¹.
1406 4105 1472 4154 Pars

348 4181 472 4308 eppspptm
488 4181 590 4232 inserta
604 4186 646 4232 est
660 4183 774 4234 Decreto
785 4185 922 4245 Gratiani,
938 4199 997 4234 ean.
1010 4185 1065 4236 Hoc
1080 4185 1115 4234 ed
1131 4199 1192 4242 nor,
1209 4189 1236 4244 t,
1252 4185 1316 4234 dist.
1331 4183 1399 4232 LIX.

432 4275 509 4320 runs,
525 4264 545 4310 t.
561 4277 592 4322 ιι,
607 4277 633 4325 p.
649 4266 688 4310 36.
