3246 5052
229 553 272 602 DE
292 552 421 602 PthBUS
441 551 695 602 ussesrtatluus
714 551 968 602 ounlutrlosuu
987 553 1146 604 uttouuu
1202 551 1250 604 531

174 696 269 764 278.
286 733 330 744 -
345 695 552 764 Ordinatio
567 695 736 764 diaconi.
751 733 795 745 -
815 696 915 762 Ritus
929 704 1010 761 sunt
1023 704 1063 762 ut
1077 697 1251 784 sequitur:

174 815 206 874 1⁰
240 810 323 874 Post
341 810 639 897 praesentationem
664 809 931 875 ordinandorum
954 811 1113 898 episeopo
1137 810 1180 875 ab
1204 833 1254 876 ar-

128 926 326 990 chidiacono
346 924 470 990 iactam
491 934 525 990 et
549 924 850 1012 interrogationem
869 924 1021 990 fidelium
1046 925 1254 992 adstantium

127 1041 169 1104 de
205 1039 400 1104 eorumdem
443 1038 708 1104 ordinandorum
745 1037 930 1126 probitate,
971 1046 1159 1104 cantantur
1199 1040 1254 1104 vel

129 1154 288 1219 dicuntur
307 1153 435 1218 litaniae
461 1175 538 1217 cum
561 1163 626 1218 suff
642 1154 794 1218 oratione
819 1153 913 1216 tinali
935 1133 1007 1218 ¹We
1032 1153 1178 1239 humbly
1199 1155 1254 1218 he-

127 1269 223 1332 seccli
239 1269 312 1331 thee
331 1268 537 1356 (Humiliter
558 1277 588 1331 te
607 1269 840 1353 deprecamur,
863 1270 958 1356 ete).

174 1383 210 1446 2⁰
232 1381 362 1446 Deinde
381 1381 502 1468 incipit
521 1383 676 1466 officium
695 1383 959 1465 communionis,
980 1388 1019 1446 ut
1037 1381 1172 1462 dicitur,
1195 1405 1257 1470 pcc

130 1498 314 1562 Collectam
342 1505 378 1561 et
405 1497 618 1580 Epistolam,·
641 1481 712 1560 haee
733 1504 847 1560 autem
873 1496 1020 1560 Collecta
1045 1518 1113 1560 non
1141 1503 1194 1562 est
1213 1495 1255 1562 de

129 1611 195 1691 die,
218 1610 278 1675 sed
298 1611 454 1699 specialis
470 1634 529 1698 pro
551 1609 747 1674 ordinandis
769 1609 1002 1697 (Omnipotens
1023 1611 1129 1689 Deus,
1152 1611 1251 1700 etc.);

128 1729 211 1794 item
230 1727 375 1816 epistola
395 1733 447 1790 est
467 1725 636 1812 specialis.

174 1845 208 1910 3⁰
226 1843 424 1929 Sequuntur
439 1841 672 1927 juramentum
691 1841 732 1902 de
753 1841 845 1924 repia
860 1842 1082 1924 supremitate
1101 1843 1144 1907 ob
1164 1843 1254 1908 ordi-

129 1957 251 2021 nandis
267 1955 442 2032 emissum,
460 1961 494 2018 et
509 1975 651 2018 examen
667 1953 864 2018 eorumdem
878 1953 920 2018 ab
935 1955 1093 2043 episcopo
1113 1957 1253 2040 sactum,

130 2070 240 2134 simile
265 2068 412 2132 examini
437 2069 529 2154 quod
553 2074 647 2132 extat
671 2067 706 2130 in
731 2067 798 2131 ritu
827 2067 934 2132 latino
958 2091 1019 2155 pro
1043 2069 1256 2136 ordinatione

130 2207 291 2271 episcopi.

175 2299 211 2362 40
232 2325 248 2356 a
272 2297 401 2361 Deinde
421 2297 616 2384 episcopua,
640 2319 741 2383 super
765 2297 877 2383 capita
897 2296 1111 2383 singulorum
1135 2321 1257 2364 manus

131 2414 321 2499 imponens,
352 2411 468 2476 dicat:
491 2411 615 2495 Accipe
641 2419 844 2496 potestatem
870 2413 1075 2496 essequendi
1103 2415 1257 2498 officium

130 2527 262 2591 diaconi
282 2527 316 2588 in
336 2525 485 2589 Ecclesia
500 2524 561 2588 Dei
582 2526 645 2588 tibi
663 2526 896 2606 commissum,
921 2527 955 2589 in
976 2528 1109 2590 nomine
1128 2528 1254 2610 Patris,

131 2651 161 2704 et
181 2639 262 2704 Filii
274 2649 305 2700 et
321 2638 472 2724 Spiritus
490 2637 619 2704 Sancti.
634 2617 765 2702 Amen.
792 2667 807 2705 i,

175 2755 208 2820 5⁰
237 2781 253 2812 (ι
291 2752 422 2816 Deinde
453 2753 633 2840 episcopus
662 2752 807 2839 singulis
836 2753 970 2816 Novum
1000 2753 1257 2819 Testamentum

131 2868 258 2948 tradat,
281 2867 397 2932 dicens
420 2887 427 2932 :
461 2867 585 2952 decipe
611 2875 812 2952 potestatem
838 2867 970 2950 leqcndi
991 2869 1202 2952 evanqelium
1223 2871 1256 2934 in

133 2981 278 3046 Ecclesia
300 2981 376 3058 Dei,
400 2981 502 3066 idque
521 2981 624 3043 etiam
640 2981 866 3064 praedicandi,
888 2981 917 3044 si
939 2981 1001 3044 tihi
1022 2981 1084 3045 hoc
1103 2983 1256 3069 ordinate

132 3095 331 3160 mandatnm
349 3097 469 3180 suerit.
497 3122 512 3154 υ

174 3209 208 3273 6⁰
227 3209 321 3273 Tunc
340 3209 563 3272 reassumitur
587 3211 742 3292 officium
762 3231 821 3272 seu
845 3211 1022 3272 seruitium
1047 3211 1256 3275 communio-

132 3323 194 3406 nis,
215 3323 476 3409 perlectionem
500 3323 669 3410 evangelii
690 3323 731 3387 de
751 3323 821 3404 die,
845 3323 964 3387 atalia
989 3331 1168 3406 consueta,
1191 3325 1256 3389 nisi

131 3435 238 3523 quod,
260 3443 338 3500 ante
372 3435 661 3516 benedictionem,
690 3435 815 3500 dicitur
842 3437 950 3501 oratio
983 3460 1044 3524 pro
1076 3437 1253 3504 ordinatis.

132 3550 285 3615 Ordinati
305 3550 580 3614 communionem
601 3550 663 3614 hac
679 3549 732 3613 die
753 3551 901 3638 recipere
922 3549 1046 3616 debent
1062 3555 1082 3615 ¹.

176 3779 271 3848 279.
291 3778 560 3848 —Ordinatio
579 3777 814 3868 presbyteri.
835 3815 879 3828 -
898 3779 999 3844 Ritus
1018 3787 1099 3844 sunt
1120 3799 1128 3845 :

176 3896 208 3956 1⁰
233 3893 454 3958 Praesenntio
486 3901 520 3957 et
553 3893 680 3957 litania
714 3893 799 3956 liunt
828 3893 916 3956 sicut
945 3917 1005 3980 pro
1040 3893 1253 3958 ordinatione

132 4007 341 4073 diaconatus

175 4121 210 4184 2⁰
237 4121 360 4186 Postea
388 4121 507 4208 incipit
534 4113 688 4206 osticium
717 4122 980 4204 communionis,
1012 4122 1046 4185 in
1078 4145 1145 4209 quo
1174 4123 1255 4186 dici-

161 4283 169 4316 ¹
189 4285 275 4346 Opere
296 4285 356 4344 cit,
376 4283 415 4332 De
437 4283 593 4332 hierarchia
612 4283 771 4346 suplicans,
793 4299 818 4345 p.
840 4289 963 4335 uto-2⁴16.
986 4285 1027 4332 ret
1051 4285 1138 4333 Recue
1159 4285 1255 4350 anyto-

132 4361 264 4420 romaine,
281 4363 331 4411 loc.
349 4362 409 4418 cit.;
426 4363 459 4410 ct.
474 4363 613 4424 vulgatum
629 4361 734 4424 Prayer
751 4361 831 4410 Book.
