3294 5054
328 439 382 494 toa
598 441 642 492 us
660 441 799 492 suanus
818 441 932 493 sicne
951 442 1186 494 onnisariouis

377 585 471 654 173.
491 621 536 632 -
556 585 775 673 Pririlogis
798 585 1062 673 quorumdum
1088 587 1163 654 huo
1180 583 1229 652 de
1249 603 1305 652 re.
1329 583 1454 650 -So-

331 699 446 764 cieteti
468 699 551 764 Jesu
582 699 802 786 privilegium
830 701 1000 766 concessit
1025 699 1211 787 Gregorius
1235 695 1331 780 XIII,
1358 696 1454 762 brevi

332 813 388 877 Ea
411 813 508 876 Sedis
525 813 730 898 apostolice,
758 813 801 880 28
831 812 915 879 lebr.
948 815 1051 894 1573,
1079 815 1112 878 vi
1139 813 1237 902 cujus
1264 841 1279 874 «
1312 813 1371 899 qui
1392 811 1455 876 tria

331 933 411 992 vota
441 924 601 1014 praedicta
632 927 880 1015 (paupertatis,
914 928 1081 994 castitatis
1107 935 1141 993 et
1169 926 1389 1014 obedrenuae)
1418 925 1455 991 in

332 1040 450 1106 eadem
470 1040 641 1106 Societate
659 1041 845 1124 emiserint,
870 1043 911 1106 de
927 1042 1064 1108 licentia
1084 1043 1138 1108 sui
1156 1041 1327 1130 praepositi
1350 1061 1457 1127 gene-

331 1155 413 1220 ralis
437 1155 481 1218 sd
505 1177 617 1219 saeros
648 1156 750 1219 etiam
774 1158 1036 1242 presbyteratus
1065 1157 1216 1240 ordines,
1245 1155 1348 1220 etiam
1379 1163 1457 1218 ante

327 1269 576 1355 professionem
594 1269 777 1334 solemnem
795 1273 1008 1354 emissem,...
1030 1270 1224 1362 promoveri
1243 1269 1379 1334 valeant
1399 1272 1453 1331 »1.

333 1383 502 1470 Expressa
529 1381 708 1468 derogavit
734 1383 919 1472 Gregorius
944 1383 1046 1449 bullae
1072 1384 1129 1449 cit.
1159 1383 1196 1450 S.
1223 1383 1276 1448 Pii
1301 1383 1344 1448 V.
1367 1381 1457 1446 Huic

332 1495 510 1585 privilegio
530 1495 711 1562 Societatis
730 1497 812 1563 Iesu
830 1519 899 1562 non
924 1498 1103 1584 derogavit
1121 1497 1296 1563 decretum
1315 1497 1454 1578 Auctis,

332 1611 424 1700 quod
443 1611 478 1674 in
503 1611 574 1674 suis
599 1609 762 1676 clausulis
781 1635 849 1676 nou
875 1619 1042 1677 memorat
1063 1613 1245 1698 priuilegia
1274 1609 1455 1689 contraria,

333 1731 367 1790 et
385 1725 526 1822 proinde
546 1747 584 1790 ea
604 1747 672 1790 non
692 1733 839 1790 revocat.

706 1959 764 2026 VI.
792 1961 907 2026 Sr'nui
932 1981 1090 2028 nicronrn

380 2160 544 2228 171-
572 2161 817 2228 Documento
848 2177 872 2226 a
901 2159 1088 2246 Rogulnri
1118 2157 1342 2226 exhibenda
1374 2158 1459 2244 epi-

334 2292 467 2360 scopo.

380 2386 412 2449 l⁰
438 2387 473 2452 Si
492 2385 674 2474 Regularis
699 2385 874 2451 ordinetur
901 2385 943 2451 ab
970 2385 1127 2474 episcopo
1145 2385 1306 2471 proprie,
1334 2405 1458 2470 nempe

333 2502 531 2582 diaeceseos,
558 2507 693 2564 tenetur
725 2499 754 2564 ei
785 2499 944 2564 exhibere
973 2499 1105 2564 litteras
1131 2497 1376 2563 dimissoriales
1405 2498 1459 2562 sui

334 2615 517 2702 superioris
544 2613 722 2700 regularis.
746 2613 784 2678 In
821 2615 873 2678 liis
904 2621 1019 2680 autem
1052 2613 1271 2695 dimissoriis,
1304 2612 1458 2700 superior

334 2728 568 2794 testimonium
583 2729 664 2794 dat:
689 2732 718 2794 1.
740 2729 789 2793 De
809 2729 975 2815 qualitate
989 2729 1150 2814 professr',
1167 2735 1202 2793 et
1220 2728 1261 2792 de
1281 2736 1457 2808 conventu,

334 2843 377 2908 ad
405 2843 502 2930 cujus
526 2840 689 2906 familiam
712 2843 861 2928 pertinet
886 2841 1112 2923 ordinandus;
1141 2879 1185 2891 -
1211 2843 1244 2908 2.
1272 2841 1324 2907 De
1346 2840 1460 2929 requi·

335 2957 411 3022 sitis
429 2956 472 3020 ad
491 2955 644 3036 ordineS,
666 2977 788 3044 nempe
815 2955 978 3042 legitimis
998 2954 1185 3036 natalibus,
1212 2962 1328 3036 oetate,
1349 2954 1461 3043 probi·

336 3077 407 3136 tate
427 3093 559 3134 morum
580 3076 612 3134 et
633 3070 790 3150 scientia3
813 3070 896 3134 item
917 3070 996 3156 (nisi
1006 3070 1080 3158 jem
1098 3079 1255 3158 receptus
1274 3070 1320 3134 sit
1338 3069 1460 3156 aliquis

337 3183 432 3270 ordo)
454 3185 495 3248 de
528 3183 698 3272 baptismo
725 3191 759 3249 et
785 3183 827 3248 de
849 3184 1121 3264 confirmatione;
1144 3221 1187 3233 -
1216 3185 1247 3250 3.
1272 3184 1322 3249 De
1342 3183 1462 3247 ultimo

338 3299 456 3365 ordine
475 3307 628 3386 recepto;
653 3335 698 3346 -
723 3299 755 3363 l.
783 3299 833 3363 De
860 3299 1005 3364 servatis
1031 3298 1242 3379 interstitiis,
1268 3297 1334 3362 nisi
1353 3297 1462 3384 quoad

340 3415 403 3478 hoe
429 3421 564 3500 petatur
594 3412 636 3478 ab
670 3413 829 3501 episcopo
862 3413 1089 3500 dispensatim
1119 3449 1163 3461 -
1196 3414 1228 3477 5.
1257 3412 1307 3476 De
1331 3409 1463 3476 formali

342 3529 497 3593 examine
517 3527 628 3616 quoad
648 3528 853 3608 doctrinam,
875 3528 903 3592 si
922 3550 1041 3592 revera
1059 3535 1236 3615 peractum
1257 3527 1369 3592 luerit.

387 3643 421 3707 2⁰
446 3641 481 3707 Si
507 3641 687 3729 Regularis
715 3641 890 3706 ordinetur
920 3640 1147 3727 abepiscopo
1177 3641 1305 3724 alieno,
1342 3641 1465 3709 litteris

343 3757 544 3822 dimissoriis
574 3756 709 3821 annecti
738 3754 838 3820 debet
863 3755 1038 3821 attestatio
1064 3755 1183 3820 vicarii
1210 3755 1379 3842 generalis
1410 3759 1465 3823 vel

345 3871 536 3939 cancellarii
556 3869 723 3957 (episcopi
743 3869 961 3957 dioecesani),
983 3869 1142 3934 testantis
1161 3869 1359 3957 episcopum
1385 3870 1468 3936 dioe-

345 4008 505 4051 cesanum
524 3983 642 4049 abesse
662 3983 717 4048 vel
736 4005 804 4048 non
829 3981 1024 4048 habiturum
1045 3982 1291 4048 ordinationem
1312 3985 1470 4072 proximo

347 4100 487 4167 sabbato
508 4099 550 4164 ad
569 4097 788 4162 collationem
807 4097 964 4162 ordinum
985 4105 1077 4184 apte.

376 4263 385 4296 ¹
402 4263 561 4312 Institutum
575 4261 715 4310 Societatis
730 4261 807 4318 lesu,
825 4261 930 4324 Pragm,
947 4265 1015 4318 1757,
1033 4264 1051 4310 t.
1069 4277 1089 4320 ι,
1107 4277 1132 4324 p.
1149 4265 1244 4310 tr-ae.
