3316 5052
329 441 380 495 ³48
596 443 640 494 DE
659 443 797 494 LEGIBUS
817 443 930 494 SACRAE
949 442 1186 494 ORDINATIONIS

375 589 408 650 1⁰
423 587 560 672 Agitur,
584 585 617 650 in
637 592 734 651 textu
754 586 963 666 Tridentino,
982 586 1023 651 de
1038 587 1202 674 pensione
1221 589 1395 670 canonica,
1418 588 1454 652 id

328 707 396 782 est,
419 699 460 764 de
486 699 647 788 pensione
667 723 742 788 quea
764 700 917 764 solvatur
935 722 977 765 ex
1002 698 1167 765 fructibus
1187 700 1330 788 alicujus
1350 700 1453 766 bene-

328 813 406 878 ficii.
429 813 526 879 Unde
553 837 619 878 non
639 813 751 900 agitur
772 813 813 878 de
832 813 995 900 pensione
1014 815 1120 897 civiti,
1142 837 1217 903 quae
1240 815 1392 880 solvatur
1411 839 1453 880 ex

327 935 426 1001 bonis
445 936 591 1024 publicis
610 937 666 1002 vel
685 960 726 1002 ex
746 936 954 1024 obligatione
973 937 1144 1024 personali
1168 961 1187 1003 a
1211 937 1283 1002 viro
1303 939 1449 1026 privato,

328 1051 430 1116 etiam
461 1051 620 1139 episcopo
653 1057 712 1116 aut
742 1051 913 1138 principe;
951 1051 1021 1116 haec
1052 1052 1169 1139 pensio
1204 1052 1377 1117 reducitur
1409 1052 1453 1117 ad

327 1165 585 1251 patrimonium,
614 1187 677 1230 nec
703 1165 864 1253 prodesse
888 1171 1003 1252 potest
1027 1173 1066 1230 ut
1090 1165 1210 1231 titulus
1234 1189 1336 1232 sacrae
1361 1147 1454 1230 ordi-

328 1278 475 1344 nationis
496 1279 561 1342 nisi
576 1279 675 1366 juxta
694 1278 901 1366 supradicta,
924 1302 958 1344 n.
983 1279 1081 1363 138,
1103 1280 1147 1344 2⁰.

373 1393 409 1458 20
428 1393 516 1458 Cum
536 1393 715 1458 concilium
735 1394 938 1481 patrimonio
959 1393 1124 1458 assimilet
1138 1395 1349 1482 pensionem,
1367 1395 1450 1474 haec,

328 1516 497 1596 quatenus
513 1507 633 1572 titulus
653 1507 895 1588 ordinationis,
924 1505 1070 1572 obnoxia
1095 1515 1147 1573 est
1171 1509 1299 1572 eisdem
1318 1506 1453 1593 legibus

329 1621 453 1709 quibus
473 1621 726 1710 patrimonium.
750 1621 863 1702 Unde,
885 1629 925 1686 ut
947 1622 1117 1711 praecipua
1136 1623 1320 1708 attingam,
1343 1621 1452 1708 requi-

328 1735 413 1800 ritur
432 1743 471 1800 ut
489 1735 560 1799 herc
580 1735 697 1823 pensio
723 1735 783 1814 sit,
810 1757 879 1798 non
900 1734 1011 1800 solum
1030 1736 1214 1824 promissa,
1238 1736 1297 1799 sed
1322 1757 1395 1798 sere
1418 1741 1453 1798 et

327 1851 496 1932 definitive
526 1849 734 1929 constituta;
768 1856 807 1913 ut
841 1852 993 1934 sufficiat
1022 1851 1066 1914 ad
1098 1850 1272 1922 honestam
1303 1849 1453 1913 ordinati

326 1965 604 2028 sustentationem
628 1963 727 2051 juxta
751 1971 866 2029 taxam
892 1963 1108 2051 synodalem3
1135 1971 1173 2028 ut
1197 1963 1381 2028 constituta
1408 1963 1453 2026 sit

328 2077 449 2141 saltem
469 2079 513 2141 ad
533 2079 636 2142 vitam
656 2079 806 2150 ordinati
831 2077 929 2164 (licet
957 2077 1158 2143 admittatur
1187 2078 1306 2166 pensio
1337 2077 1452 2142 condi-

327 2191 459 2256 cionata
478 2193 597 2256 eodem
613 2192 713 2256 modo
729 2214 797 2279 quo
812 2191 1014 2272 admittitur,
1026 2215 1068 2256 ex
1087 2192 1199 2273 dictis,
1210 2191 1452 2280 patrimonium

327 2305 639 2392 condicionalem,-
676 2305 814 2371 tandem
854 2305 924 2400 hege
957 2305 1074 2394 pensio
1106 2305 1267 2388 alienari,
1298 2305 1453 2392 extingui

328 2425 386 2483 aut
406 2419 533 2484 remitti
562 2420 696 2508 nequit,
718 2419 784 2482 nisi
808 2419 871 2483 sub
897 2417 1023 2484 eisdem
1049 2418 1304 2485 condicionibus
1329 2419 1452 2507 quibus

328 2533 581 2620 patrimonium.

374 2761 469 2830 143.
490 2802 533 2811 —
552 2761 709 2830 Titulus
728 2763 988 2849 paupertatis.
1009 2801 1052 2811 —
1072 2760 1205 2826 Titulus
1219 2759 1449 2845 paupertatis,

328 2899 388 2940 seu
393 2878 617 2962 professionis
631 2877 810 2961 repuleris,
824 2875 866 2940 de
877 2875 974 2962 cujus
986 2875 1116 2963 origine
1128 2896 1229 2962 supra
1241 2874 1288 2963 (n.
1300 2874 1393 2958 134,
1401 2873 1450 2960 70)

328 2989 456 3054 dictum
476 2998 539 3072 est,
557 2989 713 3055 consistit
733 2989 766 3053 in
787 2991 860 3077 ipso
874 2991 970 3076 jure,
986 2990 1079 3076 quod
1094 2988 1327 3074 unusquisque
1342 2987 1452 3072 Requ-

329 3104 422 3186 laris,
444 3105 476 3167 vi
494 3126 561 3168 suae
577 3104 811 3188 professionis,
833 3104 1045 3188 adipiscitur,
1067 3124 1189 3190 nempe
1210 3109 1247 3166 nt
1261 3123 1327 3186 per
1347 3109 1450 3165 totam

326 3240 424 3281 suam
443 3219 547 3282 vitam
565 3225 774 3282 sustentetur
792 3239 833 3280 ex
852 3218 948 3280 bonis
966 3225 1162 3297 conventus,
1184 3216 1219 3279 in
1240 3238 1307 3303 quo
1327 3215 1452 3279 emittit

326 3329 584 3418 professionem.
606 3369 650 3380 ——
670 3331 742 3396 Hoc
757 3329 816 3417 jus
845 3329 1066 3416 Regularium
1091 3329 1204 3404 extitit
1223 3326 1265 3393 ab
1287 3329 1370 3416 ipsis
1389 3327 1451 3391 ini-

326 3445 384 3510 tiis
410 3451 520 3510 status
549 3445 714 3532 religiosi3
742 3466 819 3509 eum
847 3450 960 3509 autem
988 3443 1114 3531 requiri
1144 3449 1276 3531 coeptus
1300 3449 1368 3523 est,
1390 3465 1450 3528 pro

327 3558 470 3646 singulis
505 3559 548 3623 ad
579 3581 692 3622 sacros
727 3558 863 3623 ordines
898 3557 1156 3645 promovendis,
1194 3557 1315 3622 titulus
1349 3577 1450 3620 sacrae

327 3673 566 3756 ordinationis,
592 3681 682 3738 recte
702 3695 764 3762 pro
785 3671 1011 3758 Regularibus
1030 3671 1241 3758 assignatum
1265 3677 1317 3735 est
1336 3669 1452 3757 praeta-

327 3793 398 3850 tum
420 3787 478 3874 jus
503 3786 777 3868 sustentationis,
806 3784 897 3874 quod
920 3785 1076 3873 proinde,
1105 3782 1168 3850 sub
1188 3785 1252 3850 hoc
1276 3791 1448 3870 respectu,

327 3907 486 3965 vocatum
514 3907 566 3964 est
595 3901 716 3965 titulus
738 3900 962 3986 paupertatis.
995 3936 1040 3950 -
1071 3899 1122 3963 De
1150 3921 1189 3963 eo
1220 3897 1322 3962 latius
1345 3895 1448 3977 inira,

327 4037 400 4100 cap.
423 4035 469 4079 ix.
