3294 5054
344 479 397 530 370
613 478 656 527 br:
675 477 812 528 testeos
832 479 946 528 SACRAE
965 479 1201 530 oennaffloms

345 621 630 709 congregationis,
648 621 710 685 rite
731 620 910 686 dimissum
929 622 974 686 ad
991 645 1070 686 eum
1088 645 1108 686 a
1127 621 1199 686 suis
1216 619 1470 708 superioribus;

344 739 429 802 ratio
452 745 504 802 cst
523 743 596 800 tum
623 736 701 822 quia
721 735 774 800 bic
794 758 893 800 casus
912 736 982 800 fere
1005 735 1124 800 recidit
1143 736 1178 800 in
1200 736 1469 823 precedentem,

345 861 416 917 tum
428 852 505 940 quio
523 849 753 928 Innocentius,
776 849 833 914 cit.
852 873 926 937 cap.
945 850 1033 914 Cum
1046 851 1243 933 secondum,
1261 849 1343 914 dum
1357 849 1470 937 impo-

345 967 395 1031 nit
413 967 571 1053 episcopo
591 964 762 1028 ordinanti
787 963 1030 1050 obligationem
1054 965 1271 1030 sustentandi
1292 963 1465 1042 donicion,

343 1103 502 1168 expresse
522 1087 556 1143 et
582 1079 707 1143 diserte
726 1078 809 1142 dicit
833 1080 1030 1167 episcopum
1054 1079 1096 1144 ad
1120 1079 1370 1143 ordinationem
1387 1101 1468 1165 pro-

339 1172 485 1260 cessisse
505 1193 599 1257 nullo
615 1201 839 1277 praesentante
848 1211 864 1274 ,·
884 1215 984 1280 porro
1009 1194 1044 1256 in
1067 1201 1185 1258 nostro
1209 1215 1290 1257 casu
1313 1191 1468 1278 superior

343 1309 521 1394 religiosus
540 1307 698 1393 episcopo
713 1315 898 1392 presentat
921 1307 1096 1371 alumnmn
1116 1307 1376 1371 ordinandum¹.

387 1422 420 1486 b.
442 1421 491 1486 Dc
513 1442 700 1485 successore
722 1421 868 1506 epiceopi
886 1421 1097 1504 ordinantis,·
1119 1443 1294 1486 successor
1315 1417 1467 1506 episcopi

342 1537 400 1624 qui
419 1536 517 1624 culpo
550 1558 611 1600 sua
639 1534 798 1598 clericum
833 1535 906 1599 sine
934 1535 1034 1600 titulo
1061 1535 1251 1617 ordinavit,
1268 1539 1404 1599 tenetm
1430 1538 1466 1596 et

342 1651 415 1737 ipse
435 1657 630 1714 sustentare
644 1647 819 1728 clericum,
839 1649 913 1713 sive
932 1650 1010 1737 ejus
1024 1651 1254 1737 meudeeessoe
1266 1649 1343 1736 jein
1354 1667 1465 1734 eoepe—

342 1765 387 1828 rit
413 1764 505 1828 bunc
532 1769 744 1843 sustentare,
772 1763 843 1827 sine
868 1759 1166 1829 non.Clarisei11e
1188 1771 1328 1829 constet
1350 1761 1467 1827 rebus

343 1877 533 1942 innocentii
559 1875 672 1942 verbis
702 1899 780 1964 cop„
808 1877 896 1940 Cum
920 1879 1142 1943 secundnm:
1174 1905 1190 1938 a
1230 1877 1378 1942 Tenelin
1404 1897 1466 1962 pen

340 1991 551 2056 ordinatores
566 1990 625 2054 vei
640 2013 842 2055 successores
861 2013 982 2055 eorum
998 1991 1170 2079 provideri
1194 1992 1352 2056 vobrms
1374 1991 1465 2054 ondi-

340 2106 448 2186 natis,
479 2105 585 2168 donec
618 2129 678 2192 per
710 2127 768 2169 eos
799 2105 1027 2170 ecclesiastica
1061 2105 1221 2169 beneficia
1255 2126 1464 2192 conseepien-

291 2263 295 2270 -
340 2226 448 2282 tur.»
478 2257 521 2267 —
547 2218 618 2282 Nec
642 2217 739 2282 dicas
761 2241 994 2282 successorem
1011 2241 1197 2306 numquam
1224 2219 1402 2282 conveniri
1421 2241 1461 2281 ex

339 2332 438 2419 culpa
459 2332 730 2420 praedecessoris.
748 2331 788 2396 ld
806 2331 898 2396 enim
915 2332 950 2396 in
969 2355 1096 2419 genere
1112 2355 1230 2397 verum
1249 2341 1314 2414 est,
1336 2331 1462 2398 sedhic

340 2445 464 2510 militat
484 2447 568 2510 ratio
588 2445 847 2534 specialissima,
869 2468 991 2534 nempe
1010 2447 1114 2511 decus
1133 2445 1261 2512 ordinis
1280 2447 1463 2526 clericalis,

340 2561 395 2625 cui
414 2561 591 2648 providere
610 2567 745 2625 tenetur
764 2561 959 2646 episcopus;
981 2561 1072 2626 unde
1092 2561 1232 2649 praefate
1251 2561 1464 2627 sustentandi

339 2675 500 2739 clericum
525 2674 687 2761 obligatio
712 2674 775 2738 erit
803 2674 942 2762 quidem
960 2697 1061 2760 poena
1085 2699 1145 2764 pro
1171 2677 1330 2763 episcopo
1358 2677 1466 2741 delin-

340 2797 482 2876 quente,
513 2812 574 2876 pro
604 2811 798 2853 successore
830 2811 910 2853 vero
937 2790 1011 2876 ejus
1044 2791 1108 2854 erit
1131 2792 1286 2874 officiam
1314 2791 1467 2854 muneris

341 2902 446 2989 ejus².
480 2941 524 2950 -
558 2902 628 2966 Nec
657 2901 762 2966 addas
796 2901 937 2982 heredes
970 2902 1121 2990 episcopi
1151 2905 1259 2968 teneri
1288 2903 1391 2967 etiam
1421 2903 1465 2968 ad

341 3016 433 3080 bunc
446 3016 604 3080 clericum
620 3016 882 3081 sustentandum
895 3017 946 3103 (ut
965 3017 1081 3082 statim
1102 3017 1259 3104 dicetur),
1276 3024 1312 3081 et
1324 3017 1463 3106 proinde

342 3153 412 3194 non
429 3131 553 3218 requiri
572 3138 610 3194 ut
629 3153 803 3195 successor
828 3131 979 3217 episcopi
1001 3137 1169 3197 teneatur.
1197 3131 1236 3195 id
1257 3133 1351 3195 enirn
1368 3133 1464 3196 theo-

342 3245 444 3308 retice
473 3267 593 3308 vcrum
620 3253 693 3322 est;
729 3244 804 3324 sed,
841 3244 884 3308 de
911 3243 1017 3325 iacto,
1052 3244 1193 3309 heredes
1226 3245 1376 3332 episcopi
1408 3245 1463 3310 vel

341 3355 585 3441 obligationem
619 3379 715 3422 suam
749 3378 817 3421 non
846 3365 1050 3444 agnoscent,
1086 3359 1140 3422 vel
1171 3381 1245 3422 eam
1278 3359 1463 3448 adimplere

342 3468 508 3552 abnuent;
540 3470 632 3558 quod
661 3470 765 3558 probe
797 3472 1073 3536 animadvertens
1104 3472 1327 3538 innocentius
1350 3473 1463 3538 clerici

341 3585 625 3649 sustentationem
653 3585 762 3671 rejicit
793 3585 830 3649 in
857 3586 1007 3674 episcopi
1030 3608 1273 3652 semcsrssoreni.

386 3721 420 3763 c.
447 3699 495 3762 Dc
524 3699 705 3763 heredibus
733 3701 877 3784 episcopi
905 3701 1117 3783 ordimem,-
1144 3700 1218 3788 jure
1245 3702 1413 3782 naturali,
1435 3701 1467 3765 si

341 3813 521 3900 episcopus
540 3813 637 3899 gravi
656 3813 755 3900 culpa
775 3835 834 3878 sua
855 3813 1014 3878 clericum
1034 3814 1106 3878 sine
1121 3814 1223 3879 titulo
1242 3815 1464 3894 ordinaverit,

341 3927 449 3991 teneri
477 3927 636 3991 videntur
655 3927 728 4014 ejus
749 3927 891 3992 heredes
911 3927 954 3991 ad
978 3928 1068 3992 hunc
1092 3927 1252 3994 clericum
1272 3937 1469 3994 sustenten-

339 4040 439 4122 dnm;
461 4041 545 4105 ratio
565 4041 713 4128 estquis
734 4041 890 4124 heredes,
914 4042 971 4129 qui
994 4041 1163 4130 accipiunt
1183 4041 1270 4108 bona
1294 4042 1468 4127 defuncti,

371 4211 378 4244 ¹
398 4213 436 4260 cf.
454 4195 575 4274 Pugnan,
593 4210 668 4268 ima,
682 4227 708 4259 n.
723 4216 752 4258 50
767 4227 807 4273 sq.

369 4291 380 4324 ’-’
399 4291 518 4352 Fagnon,
537 4289 611 4348 ibid,
632 4305 657 4337 n.
675 4295 703 4337 26
719 4305 759 4352 sq.
