3316 5052
624 1253 837 1336 CAPUT
872 1255 964 1336 VII

380 1682 427 1736 DE
456 1681 589 1736 DEBITA
600 1681 874 1764 xSUCCESSlONF.
902 1682 1209 1738 RECIPIENDORUM

704 1813 877 1869 ORDINUM

329 2351 348 2428 5
367 2353 400 2411 1.
421 2354 475 2413 De
493 2354 657 2414 vitandis
676 2355 981 2414 ordinationibus
1000 2370 1068 2428 per
1087 2356 1225 2414 saltum
1239 2356 1258 2411 ¹.

609 2645 633 2706 1.
660 2645 794 2704 Noutria
815 2665 977 2705 insrosics

270 2846 355 2911 102.
369 2879 410 2892 -
424 2847 560 2911 Primae
578 2848 679 2927 legas
696 2847 948 2912 ecclesiastiea
966 2849 1011 2912 ds
1029 2847 1189 2912 vitandis
1207 2847 1355 2910 ordina·

229 2949 390 3015 tionibus
403 2969 469 3032 per
482 2953 625 3016 saltum.

274 3061 304 3114 1ο
313 3056 381 3116 Les
393 3055 524 3117 concilii
532 3055 741 3118 sardicensis.
754 3093 795 3102 —
805 3057 841 3117 ln
856 3078 924 3119 can.
940 3060 987 3132 13,
1000 3058 1044 3118 sio
1059 3057 1185 3118 statuit:
1202 3081 1216 3112 «
1230 3055 1262 3116 Si
1276 3056 1355 3116 iorte

231 3167 286 3220 aut
299 3160 403 3236 dives,
419 3169 474 3223 aut
486 3161 690 3224 scholasticus
704 3162 743 3223 de
758 3163 828 3224 ioro
843 3169 898 3224 aut
911 3184 950 3223 ex
963 3163 1212 3224 administratore
1227 3160 1355 3243 (forsan

230 3264 518 3346 administratione)
531 3269 695 3350 episcopus
714 3267 808 3329 suerit
825 3269 1018 3349 postulatus,
1035 3276 1070 3329 ut
1089 3289 1151 3328 non
1162 3265 1256 3350 prius
1271 3265 1356 3327 ordi-

231 3377 334 3450 netur,
361 3371 426 3434 niat'
444 3378 518 3434 ante
540 3379 571 3434 et
592 3371 719 3436 lectoria
740 3394 870 3435 munere
890 3379 921 3435 at
942 3373 1049 3456 officio
1074 3371 1202 3434 diaconi
1224 3378 1280 3434 aut
1303 3371 1354 3447 (ιίι

230 3496 334 3560 praee
350 3483 436 3538 testu
451 3479 509 3562 καὶ)
518 3477 705 3560 presbyteri
718 3477 817 3562 suerit
826 3478 1033 3562 perfunctus,
1048 3479 1134 3540 etita
1147 3499 1203 3560 per
1217 3477 1355 3558 singulos

231 3583 361 3662 gradus,
378 3583 404 3645 si
419 3583 532 3665 dignus
545 3584 655 3659 inerit,
671 3583 818 3644 ascendat
832 3584 871 3645 ad
887 3584 1011 3646 culmen
1024 3584 1233 3666 episcopatus,
1247 3583 1356 3643 Potest

231 3688 313 3748 enim
330 3709 386 3770 per
404 3689 460 3750 has
477 3689 707 3771 promotiones,
723 3710 793 3772 quae
810 3689 970 3751 habebunt
985 3690 1093 3772 utique
1108 3689 1262 3771 prolixum
1278 3694 1355 3748 tem·

230 3813 304 3874 pus,
321 3794 447 3876 probari
461 3816 522 3877 qua
536 3794 597 3855 fide
613 3795 667 3870 sit,
684 3815 785 3878 quave
805 3795 972 3870 modestia,
990 3795 1142 3876 gravitate
1158 3801 1188 3855 et
1205 3813 1355 3854 verecun-

165 3977 171 3988 Ι
230 3897 318 3962 dia...
345 3899 542 3960 Conveniens
566 3920 629 3960 non
653 3907 701 3960 est
728 3900 888 3961 usuratio
912 3899 962 3960 vel
986 3899 1149 3982 disciplina
1172 3899 1292 3980 patitur
1319 3904 1354 3958 ut

230 4010 347 4064 temera
370 4011 402 4065 et
425 4004 537 4065 leviter
560 4005 723 4066 ordinetur
745 4011 800 4066 aut
820 4005 999 4086 episcopus,
1025 4013 1079 4065 aut
1102 4003 1275 4086 presbyter,
1300 4008 1354 4062 aut

230 4107 396 4185 diaeonus,
410 4109 465 4192 qui
483 4109 660 4192 neophytus
677 4115 740 4184 est,
758 4109 892 4170 maxime
912 4130 983 4170 cum
1004 4118 1035 4171 et
1053 4110 1201 4191 magister
1215 4107 1352 4187 gentium

263 4302 271 4337 ¹
291 4302 403 4366 Haiiier,
418 4305 488 4367 part.
503 4302 541 4364 ii,
557 4305 623 4353 sect.
640 4319 661 4364 ι,
675 4319 698 4353 c.
715 4319 736 4364 i,
753 4305 803 4353 art.
819 4309 847 4364 i;
863 4304 905 4354 ed.
919 4303 1023 4369 mgna,
1039 4303 1090 4354 coi.
1106 4307 1151 4352 672
1167 4317 1207 4364 sq.
