3238 5052
319 511 462 561 NOTtTtAE
482 511 665 563 Histonium
684 513 781 563 GtRCA
800 513 898 564 attus
917 513 1153 565 oaotnsttosts
1248 513 1300 566 479

174 653 256 732 giam
272 673 444 733 omnesque
463 653 541 713 ritus
561 674 684 726 sacros;
706 655 806 714 solum
826 655 993 716 discrimen
1008 657 1101 716 situm
1123 665 1169 716 est
1188 657 1220 716 in
1241 657 1300 716 tin-

174 777 253 836 gua;
277 757 388 818 rituale
413 759 495 818 enirn
519 759 699 839 cophticum
725 767 886 820 verterunt
906 761 939 820 in
963 763 1100 841 linguam
1123 764 1296 843 propriam,

176 861 286 944 u'cmpe
302 863 510 944 aethiopicam,
527 886 596 945 quae
612 875 660 924 est
675 887 734 925 una
752 887 767 926 e
784 866 896 945 linguis
912 867 1069 926 semiticis'.

320 1099 339 1172 ξ
358 1100 416 1157 10.
438 1100 546 1157 thus
566 1100 818 1158 ordinationis
838 1103 935 1174 apud
956 1103 1151 1160 Armenos

213 1297 297 1358 243.
313 1332 353 1340 -
373 1299 602 1360 Documento.
620 1333 657 1342 -
680 1297 771 1357 Ritus
793 1298 1024 1358 ordinationum
1047 1321 1146 1380 usque
1168 1300 1206 1360 ad
1228 1323 1297 1382 pre-

173 1401 365 1482 sbyteratum
385 1401 536 1462 inclusive
558 1402 746 1462 exhibentur
763 1403 796 1462 in
817 1402 935 1463 Rituali
954 1405 1162 1465 Armeuorum
1182 1407 1297 1466 Mono-

174 1505 367 1586 physitarum
396 1527 447 1566 an.
478 1510 553 1569 1807
583 1508 665 1588 typis
693 1507 795 1580 edito;
824 1509 909 1588 quod
937 1509 969 1568 in
1002 1508 1130 1570 latinam
1160 1511 1296 1590 linguam

174 1611 333 1671 transtulit
354 1611 492 1672 Richter.
511 1613 600 1672 Hanc
615 1614 806 1686 versionem,
824 1613 939 1674 collato
955 1613 1072 1674 Rituali
1088 1617 1296 1676 Armenorum

146 1705 147 1710 ἵ
174 1717 332 1776 unitorum
348 1739 398 1776 an.
418 1720 494 1776 1839
507 1718 646 1777 Venetiis
661 1718 756 1792 edite,
773 1719 900 1778 exhibet
914 1719 1089 1800 Denzinger
1099 1721 1121 1780 ¹.
1136 1723 1297 1790 —Quoad

173 1823 440 1882 consecrationem
460 1823 683 1904 episcopalem,
701 1845 772 1884 cum
793 1825 861 1906 ejus
881 1825 959 1884 ritus
973 1847 1037 1884 non
1057 1827 1253 1906 reperiantur
1267 1828 1297 1886 in

174 1927 352 1988 Ritualihus
370 1928 410 1987 ad
431 1950 520 1988 usum
540 1930 759 2010 episcoporum
779 1930 871 1989 editis
886 1931 1014 2011 (utpote
1029 1953 1099 2011 quae
1115 1932 1298 2012 patriarchae

173 2041 328 2094 reservata
345 2035 409 2113 sit),
426 2035 600 2113 Denzinger
615 2055 681 2094 eam
698 2035 825 2094 exhibet
839 2057 877 2094 cx
892 2056 985 2115 opere
999 2035 1131 2096 Joannis
1144 2037 1306 2096 diarchia--

176 2139 223 2198 nis
248 2139 287 2198 dc
314 2140 444 2220 SerpOS,
470 2138 665 2220 Compendio
688 2139 804 2200 stoi-ico
833 2139 869 2200 di
896 2139 1046 2200 memorie
1077 2141 1298 2224 cronotopr'che

175 2252 375 2305 concernentt
397 2245 428 2306 Ia
447 2243 603 2326 religione
622 2266 639 2304 c
660 2245 689 2305 ta
705 2245 824 2306 morale
843 2245 931 2306 della
951 2245 1083 2306 rtazione
1095 2247 1236 2308 Armene
1248 2248 1296 2309 ᾖ...

214 2458 298 2519 244.
319 2491 357 2500 -
380 2459 606 2519 consecratio
629 2457 852 2534 episcopalis.
873 2492 913 2500 —
935 2456 1026 2516 Ritus
1051 2465 1145 2516 sunt:
1174 2463 1199 2516 1.
1224 2458 1297 2518 Post

174 2582 305 2622 examen
328 2562 482 2642 episcopi,
499 2561 583 2641 quod
604 2561 795 2620 simillimum
818 2569 862 2620 est
884 2562 1033 2636 examini,
1051 2562 1141 2643 quale
1161 2564 1196 2622 tit
1216 2563 1298 2643 apud

174 2667 317 2740 Latinost,
334 2667 508 2747 patriarcha
525 2665 600 2726 sacit
619 2667 750 2746 primam
766 2675 797 2726 et
812 2667 899 2748 quasi
919 2669 1172 2748 praeparatoriam
1188 2689 1299 2728 manus¹

175 2773 405 2854 impositionem
425 2794 519 2853 super
533 2773 683 2848 electum,
700 2793 833 2853 eumque
850 2772 979 2852 pluviali
994 2773 1161 2853 episcopali
1177 2773 1297 2842 induit,

175 2914 213 2924 -
233 2883 261 2938 2.
285 2878 464 2938 Patriarcha
484 2877 618 2960 imponit
638 2899 732 2957 super
751 2878 818 2957 ejus
838 2877 983 2937 humeros
1004 2877 1117 2937 librum
1139 2878 1299 2957 Evangelii

175 2991 284 3065 (quem
309 2983 422 3042 deinde
446 2989 531 3042 teuct
554 3003 633 3042 unus
655 3003 671 3041 e
695 2981 819 3041 duobus
843 2981 998 3062 episcopis
1023 2981 1246 3057 adstantibus),
1268 2990 1301 3042 et

175 3089 288 3149 deindo
304 3109 430 3150 manum
446 3109 539 3168 super
554 3096 649 3167 caput
663 3087 742 3168 ejus,
759 3087 833 3146 dum
850 3089 973 3148 canitur
988 3085 1126 3166 psalmus
1141 3095 1172 3147 ct
1187 3087 1300 3166 legitur

174 3195 334 3256 decretum
363 3193 542 3263 electionis,
564 3228 604 3237 —
626 3196 655 3252 3.
682 3193 861 3252 Patriareha
889 3193 964 3271 legit
991 3192 1156 3251 formulam
1183 3191 1300 3253 Divino

175 3300 296 3382 pratia,
312 3308 386 3373 etc„
404 3309 451 3359 ter
465 3320 557 3359 cruce
572 3299 673 3377 signat
688 3299 834 3370 electum,
851 3307 882 3356 ct
897 3299 1023 3357 invocat
1037 3319 1131 3378 super
1146 3317 1216 3356 eum
1233 3298 1300 3377 Spi-

176 3407 271 3466 ritum
293 3407 441 3466 Sanctum
453 3422 461 3476 ;
475 3441 514 3448 —
531 3404 560 3464 t.
583 3405 665 3463 Dum
681 3405 760 3463 fiunt
779 3404 935 3462 orationes
956 3423 1012 3482 pro
1028 3402 1219 3483 patriarcha,
1243 3425 1300 3483 pro

178 3513 294 3588 electo,
308 3521 382 3584 ete,
403 3509 578 3591 patriarcha
600 3509 710 3568 iterum
731 3508 864 3588 imponit
885 3529 995 3568 manus
1014 3507 1130 3580 electo,
1152 3514 1187 3566 ut
1206 3507 1299 3586 digne
1332 3535 1342 3562 s

179 3619 360 3698 episcopatu
377 3617 543 3694 fungatur;
560 3649 600 3660 -
614 3615 643 3673 5.
658 3614 768 3674 Clerus
784 3613 942 3672 etiterum
958 3612 1132 3692 patriarcha
1148 3612 1210 3672 alta
1226 3633 1302 3672 voce

180 3723 312 3782 recitant
335 3719 499 3782 formulam
521 3737 528 3778 :
552 3718 669 3779 Divina
691 3726 720 3778 et
744 3717 879 3778 caelestis
900 3715 1022 3800 pratia,
1045 3725 1118 3789 eto,
1140 3725 1171 3776 et
1191 3717 1304 3776 deinde

180 3828 273 3888 tertio
297 3826 429 3907 imponit
453 3847 564 3885 manus
589 3824 762 3905 patriarcha
787 3843 858 3882 cum
882 3823 1061 3900 longissima
1086 3823 1244 3892 oratione;
1265 3857 1305 3867 -

180 3937 210 3994 6.
228 3933 359 4005 Deinde,
376 3931 548 4012 interjectis
564 3929 705 4010 pluribus
725 3928 919 3988 orationibus
935 3935 965 3986 et
981 3927 1182 4004 lectionibuS,
1200 3929 1304 4008 sequi-

214 4097 222 4130 ¹
241 4098 272 4146 T.
289 4113 320 4154 n,
337 4112 363 4158 p.
381 4099 424 4142 27-'1
441 4109 481 4156 sq.

213 4176 224 4210 ²
241 4175 371 4230 Venezia,
389 4177 462 4225 1786.
479 4177 498 4221 t.
516 4188 555 4223 ui.
574 4187 600 4234 p.
616 4176 661 4218 372
677 4185 717 4232 sq.
735 4197 762 4205 -
780 4169 872 4217 Ritum
887 4168 969 4218 habes
984 4169 1055 4230 apud
1072 4167 1231 4228 Dcnzinger,
1245 4171 1264 4216 t.
1277 4185 1307 4228 n,

184 4271 209 4318 p.
227 4259 273 4302 356
288 4267 344 4316 sq.;
365 4253 408 4301 hic
424 4255 514 4300 tunrcu
534 4252 602 4298 ritus
621 4265 674 4297 non
689 4249 716 4296 in
732 4251 845 4296 extenso
865 4247 965 4296 relatus
984 4249 1038 4298 est.
1057 4246 1104 4294 sed
1125 4245 1151 4293 in
1171 4247 1308 4308 epitomen

184 4333 318 4382 redactus.
