3316 5052
345 487 396 538 356
610 488 653 538 DE
673 488 811 539 LEGIBUS
832 488 946 538 SACRAE
965 487 1201 538 ORDINATlONlS

344 639 414 697 mat
439 632 579 697 titulum
612 632 796 696 missionis.
829 631 900 696 lmo
934 659 949 692 a
986 631 1141 697 hortatur
1171 631 1206 697 S.
1239 631 1467 720 Congrcgatio

344 746 555 826 Ordinarios,
582 755 636 827 ut,
659 753 824 832 quantum
844 746 916 810 fieri
939 753 1063 834 potest,
1086 746 1144 810 alii
1168 767 1302 833 quoque
1321 747 1466 833 legitimi

344 861 433 925 tituli
452 883 512 948 pro
533 883 626 924 sacra
646 859 856 924 ordinatione
876 858 1133 924 introducantur
1156 886 1172 919 »
1186 862 1206 923 ¹.

388 976 426 1042 B.
451 974 515 1038 Hie
534 974 655 1038 titulus
682 981 822 1038 nonest
849 973 1094 1058 inamissibilis,
1125 972 1160 1037 id
1187 981 1254 1052 est,
1280 979 1319 1036 ut
1342 972 1465 1038 clarius

341 1089 472 1176 loquar,
489 1088 546 1176 jus
567 1087 654 1153 illud
675 1087 766 1175 quod
784 1085 888 1152 habet
907 1086 1083 1163 ordinatus
1103 1086 1146 1151 ad
1172 1084 1310 1151 titulum
1329 1087 1464 1151 missio-

317 1235 319 1244 ν
342 1203 395 1266 nis
413 1209 452 1267 ut
466 1225 507 1266 ex
527 1200 626 1266 bonis
642 1201 813 1265 missionis
828 1207 1051 1282 sustentetur,
1072 1208 1185 1288 potest
1204 1201 1327 1282 amitti,
1342 1223 1463 1288 nempe

341 1317 369 1380 si
389 1317 531 1381 clericus
555 1339 591 1380 se
615 1315 793 1402 indignum
816 1314 936 1380 reddat
959 1315 1045 1380 sacri
1071 1315 1250 1379 ministerii
1270 1315 1459 1379 exercendi.

340 1431 376 1497 Si
403 1430 510 1510 enim,
535 1437 573 1494 ut
592 1431 667 1516 jure
696 1429 868 1494 communi
899 1436 1029 1494 certum
1058 1437 1110 1494 est
1136 1436 1170 1494 et
1195 1451 1313 1494 omnes
1342 1429 1462 1494 admit-

340 1549 448 1626 tunt²,
482 1544 639 1624 clericus,
672 1543 847 1608 ordinatus
876 1543 919 1606 ad
948 1543 1086 1609 titulum
1119 1542 1263 1630 alicujus
1295 1543 1458 1624 beneficii,

338 1665 463 1747 potest,
486 1657 630 1722 servatis
643 1657 832 1738 servandis,
850 1657 913 1721 boc
934 1657 1007 1745 ipso
1022 1656 1244 1738 beneficio,in
1254 1680 1390 1746 poenam
1410 1658 1461 1722 sui

338 1772 468 1852 delicti,
491 1771 632 1860 privari,
662 1795 680 1834 a
710 1771 840 1836 fortiori
868 1771 1029 1852 clericuS,
1052 1771 1229 1836 ordinatus
1255 1772 1297 1836 ad
1325 1771 1460 1836 titulum

338 1886 526 1966 missionis
555 1892 670 1972 potest
693 1887 770 1973 jure
793 1884 872 1948 inde
896 1885 1038 1972 quaesito
1063 1885 1205 1973 privari;
1228 1885 1348 1950 titulus
1371 1885 1460 1950 enim

336 2001 510 2087 legitimus
539 2007 573 2063 et
601 1999 784 2064 canonicus
811 1997 939 2085 majora
963 1999 1041 2085 jura
1072 1999 1191 2064 tribuit
1215 2021 1317 2087 quam
1341 1999 1460 2064 titulus

336 2113 623 2178 extraordinarius
643 2119 677 2176 et
696 2111 959 2200 dispensativus.
979 2151 1024 2160 -
1044 2111 1154 2192 Unde,
1174 2112 1210 2178 S.
1234 2111 1458 2200 Congregatio

336 2229 377 2292 de
407 2227 508 2313 Prop.
538 2227 637 2306 Fide,
663 2225 698 2290 in
728 2226 1028 2310 desperationibus,
1060 2227 1079 2290 l
1107 2225 1191 2292 febr.
1229 2225 1332 2308 1873,
1358 2227 1401 2291 ad
1426 2230 1456 2306 l,

336 2363 413 2406 cum
437 2339 479 2404 ab
499 2363 538 2404 ea
559 2346 731 2427 peteretur
752 2357 759 2403 τ
782 2365 797 2398 «
826 2339 948 2404 Utrum
968 2347 1002 2404 et
1030 2339 1199 2427 quomodo
1219 2313 1457 2404 declarandum

335 2456 381 2520 sit
405 2455 598 2520 sacerdotes
624 2454 725 2518 titulo
751 2453 924 2517 missionis
951 2453 1140 2535 ordinatos,
1163 2453 1222 2540 qui
1246 2477 1282 2518 se
1302 2453 1458 2540 indignos

333 2569 554 2634 reddiderunt
579 2567 665 2632 sacri
690 2567 870 2632 ministerii
888 2567 1085 2646 exercendi,
1111 2568 1174 2631 hoc
1199 2567 1299 2632 titulo
1319 2568 1455 2655 privari,

335 2706 444 2771 neque
465 2681 682 2748 Ordinarium
702 2681 810 2745 teneri
836 2681 879 2746 ad
905 2681 1191 2746 sustentationem
1216 2681 1285 2746 illis
1305 2681 1458 2768 praeben·

334 2797 429 2876 dam,
460 2824 475 2856 »
504 2795 704 2882 respondit:
727 2823 742 2855 a
781 2793 819 2858 ln
847 2816 944 2874 casu,
976 2801 1076 2882 prout
1104 2795 1302 2881 exponitur,
1333 2797 1457 2883 praevia

333 2910 561 2975 declaratione
590 2908 756 2997 ejusmodi
782 2908 948 2974 sacerdoti
972 2908 1014 2974 ab
1039 2909 1197 2996 episcopo
1229 2909 1398 2990 facienda,
1424 2917 1457 2974 et

334 3024 495 3112 quamdiu
529 3023 710 3111 praedictus
739 3022 896 3088 sacerdos
927 3023 962 3086 in
991 3046 1052 3087 sua
1078 3045 1182 3110 prava
1213 3023 1350 3088 vivendi
1380 3046 1455 3088 con·

335 3138 513 3204 suetudine
533 3144 739 3226 perseveret,
761 3137 894 3202 nullum
914 3135 1078 3201 exhibens
1098 3137 1237 3202 sincerae
1256 3137 1456 3226 resipiscen-

334 3253 389 3316 tiae
418 3253 570 3339 signum,
599 3237 791 3337 episcopum
823 3272 888 3314 non
909 3251 1014 3314 tcnert'
1038 3252 1083 3314 ad
1104 3253 1381 3316 sustentationem
1406 3252 1456 3316 itti

329 3366 560 3450 praebendam.
585 3403 626 3413 -
650 3363 837 3450 Sejunctim
864 3369 1019 3428 autema
1047 3363 1253 3430 resolutione
1277 3364 1456 3430 dubiorum

333 3502 394 3567 per
414 3479 593 3566 epistolam
621 3478 830 3564 significetur
845 3475 1023 3542 Ordinario
1052 3476 1179 3563 (eidem
1204 3479 1396 3568 episcopo),
1418 3487 1456 3544 ut

333 3592 376 3657 ad
406 3593 532 3656 dictam
570 3591 832 3656 declarationem
856 3613 924 3655 non
960 3591 1138 3673 deveniat,
1173 3592 1238 3657 nisi
1274 3600 1455 3681 postquam

333 3705 482 3795 paternis
521 3729 559 3770 ac
596 3704 748 3792 repetitis
786 3703 924 3768 monitis
967 3704 1134 3791 ejusmodi
1176 3705 1386 3771 sacerdotem
1412 3707 1454 3770 ad

332 3817 599 3905 resipiscendum
637 3817 760 3881 lrustra
799 3817 1012 3899 invitaverit,
1043 3825 1145 3906 atque
1173 3819 1214 3883 de
1243 3819 1316 3906 ejus
1342 3819 1455 3884 crimi-

287 3947 291 3953 '
332 3929 433 3996 nibus
470 3939 503 3995 et
531 3928 666 4018 publica
695 3929 926 3995 diffamatione
958 3931 1176 4018 probationes
1211 3941 1320 3998 certas
1352 3933 1456 3998 etiam

332 4045 631 4133 extrajudicialiter
664 4044 872 4130 conquisitas
906 4043 971 4108 sibi
1002 4047 1263 4135 comparaverit,
1297 4069 1382 4134 quas
1420 4047 1455 4110 in

365 4225 372 4256 ¹
392 4223 432 4271 lta
447 4225 473 4271 in
489 4223 534 4271 cit.
551 4221 746 4280 Instructione,
766 4237 791 4270 n.
810 4227 846 4270 lt.

364 4301 430 4349 ¹Cf.
449 4301 617 4350 llonorantc.
632 4299 739 4356 Prasia,
756 4305 818 4358 cte„
836 4317 858 4348 c.
876 4315 915 4350 m.
934 4303 989 4348 not.
1007 4307 1033 4355 2.
1051 4317 1076 4362 p.
1094 4305 1130 4348 tt.
