3294 5054
335 460 387 514 ³84
601 461 645 510 DE
665 460 802 512 LEGIBUS
822 459 935 512 SACRAE
955 460 1189 512 ountunuon'rs

334 605 427 671 lioris
453 611 505 669 est
527 603 752 692 probationis;
775 642 818 652 —
838 603 870 670 2.
893 603 938 670 Ut
962 604 1117 691 superior
1138 605 1318 692 regularis,
1341 606 1376 670 in
1403 607 1457 670 his

334 719 535 784 dimissoriis
564 741 666 806 quas,
689 717 723 782 in
750 717 914 782 alterutro
941 740 1033 798 essu,
1055 717 1172 804 dirigit
1196 718 1239 784 ad
1258 720 1456 808 episcopum

333 834 498 912 alienum,
530 831 698 918 exprimat
728 853 866 895 causam
900 853 959 895 cur
991 831 1038 895 ita
1071 830 1221 896 dimittat
1244 832 1287 898 ad
1306 833 1455 898 alienum

333 948 546 1035 episcopum,
574 967 695 1032 nempe
722 943 778 1008 vel
806 944 885 1031 quia
918 944 1014 1010 abest
1042 944 1271 1026 dioecesanus,
1298 947 1353 1011 vel
1377 948 1456 1034 quia

333 1084 401 1126 non
430 1061 475 1124 sit
503 1059 681 1124 habiturus
714 1057 961 1138 ordinationes;
994 1058 1040 1123 ita
1069 1081 1228 1146 expresse
1257 1059 1292 1124 in
1321 1059 1455 1125 decreto

334 1173 568 1252 Clementino;
589 1209 634 1239 ,-
649 1172 681 1238 3.
703 1171 749 1238 Ut
773 1171 926 1258 superior
949 1171 1114 1258 regularis
1138 1171 1347 1238 demonstret
1370 1175 1456 1238 veri-

334 1295 438 1354 tatem
465 1287 567 1376 hujus
593 1309 719 1367 causae,
749 1307 818 1350 non
844 1307 1058 1374 quocumque
1086 1285 1203 1360 modo,
1225 1287 1285 1352 sed
1312 1310 1371 1375 per
1399 1311 1456 1352 au-

332 1403 519 1468 thenticam
550 1400 804 1466 attestationem
840 1399 958 1464 vicarii
990 1399 1159 1486 generalis
1192 1407 1250 1466 aut
1285 1402 1456 1486 secretarii

332 1518 484 1605 episcopi
511 1515 710 1594 dioecesani3
742 1513 788 1578 ita
815 1536 976 1602 expresse
1002 1513 1101 1601 jubet
1131 1515 1335 1581 Benedictus
1362 1515 1452 1594 XIV,

332 1628 407 1716 qui,
429 1627 464 1692 in
483 1627 541 1692 cit.
569 1625 663 1690 bulla
681 1625 853 1710 Impositi,
880 1629 896 1707 ,t
922 1624 979 1704 12,
1005 1624 1126 1690 statuit
1152 1625 1311 1712 praesatas
1338 1625 1456 1690 dimis-

332 1743 439 1807 sorias
463 1740 591 1806 nullius
610 1761 685 1805 esse
712 1738 892 1818 momenti,
916 1765 931 1798 n
955 1738 1020 1802 nisi
1041 1738 1109 1804 illis
1129 1739 1248 1826 juncta
1272 1739 1372 1805 luerit
1394 1763 1454 1804 eu-

334 1857 480 1921 tlientica
513 1854 683 1920 attestatio
717 1853 833 1916 vicarii
870 1852 1038 1937 poneretis
1079 1853 1131 1916 vet
1167 1853 1359 1918 cancellarii
1396 1863 1454 1918 eut

331 1969 502 2035 secretarii
526 1968 679 2054 ejusdem
699 1966 849 2054 episcopi
869 1965 1068 2046 dioecesani,
1091 1989 1131 2030 ex
1157 1990 1223 2054 qua
1249 1975 1381 2032 constet
1399 1967 1452 2032 vel

332 2085 443 2170 ipsum
463 2106 482 2146 3
498 2081 636 2146 dioecesi
656 2079 787 2162 abesse,
810 2080 866 2145 vel
886 2079 1084 2144 clericorum
1100 2080 1347 2146 ordinationem
1362 2080 1452 2146 habi-

332 2204 445 2262 turum
465 2219 533 2262 non
554 2217 640 2260 esse.
666 2221 681 2256 n

376 2313 410 2376 5⁰
429 2309 589 2398 Superior
615 2308 780 2395 regularis
795 2307 854 2395 jus
869 2305 971 2372 habet
990 2307 1184 2373 dimittendi
1200 2308 1355 2374 subditos
1374 2332 1453 2374 suos

331 2424 502 2512 professos
522 2424 566 2488 ad
584 2444 816 2509 quoscumque
841 2423 991 2505 ordines,
1014 2445 1033 2486 3
1055 2423 1164 2509 prima
1188 2431 1327 2490 tonsura
1346 2447 1453 2511 usque

332 2539 374 2606 ad
401 2537 675 2626 presbyteratum
711 2535 892 2616 inclusive;
922 2533 1062 2622 praefata
1091 2536 1182 2601 enim
1214 2535 1349 2602 decreta
1386 2559 1453 2602 non

331 2654 558 2740 distinguunt.
585 2651 713 2714 Verum
741 2650 770 2713 si
794 2657 915 2736 agatur
938 2655 1072 2714 tantum
1103 2651 1145 2715 dc
1169 2653 1335 2736 professis
1363 2661 1453 2716 voto-

332 2789 411 2832 rum
438 2765 645 2850 simplieium
677 2763 913 2846 triennalium,
945 2785 1012 2826 non
1046 2771 1159 2851 potest
1193 2787 1252 2829 eos
1284 2765 1452 2830 dimittere

332 2881 397 2945 nisi
417 2881 460 2944 ad
479 2880 632 2964 primam
653 2885 829 2941 tonsuram
848 2885 880 2941 et
901 2877 1051 2942 minores
1079 2879 1229 2962 ordines,
1256 2887 1294 2944 ut
1321 2887 1451 2944 constat

331 2995 383 3059 Pii
405 2993 450 3058 lx
470 2991 755 3057 declarationibus
774 2989 863 3055 datis
884 2990 925 3054 12
940 2991 1029 3078 junii
1050 2991 1153 3072 1858,
1177 3000 1240 3057 art.
1264 2993 1320 3059 7¹.
1339 2993 1449 3072 Unde,

331 3116 368 3172 ut
387 3107 546 3172 alumnus
566 3104 733 3170 Ordinum
753 3111 910 3168 votorum
929 3103 1132 3170 solemnium
1147 3107 1255 3193 possit
1271 3105 1396 3172 dimitti
1411 3107 1451 3172 ad

331 3244 445 3287 sacros
470 3219 622 3298 ordines,
644 3217 827 3305 requiritur
852 3217 991 3282 omnino
1010 3225 1048 3283 ut
1067 3221 1315 3304 professionem
1333 3221 1452 3286 solem-

331 3359 407 3401 nem
426 3334 594 3416 emiserit,·
614 3355 632 3396 3
657 3354 723 3420 qua
747 3331 866 3418 regula
888 3353 987 3396 nemo
1015 3332 1162 3420 amplius
1189 3333 1450 3422 dispensabitur,

330 3448 378 3514 ait
406 3447 474 3512 Leo
502 3445 599 3526 Xlll,
632 3445 666 3508 in
700 3444 836 3510 decreto
865 3443 1019 3526 Auctis¹,
1056 3447 1075 3510 1
1104 3469 1183 3511 nov.
1217 3447 1320 3528 1892,
1348 3452 1364 3532 ᾖ·
1391 3447 1411 3512 2
1442 3467 1449 3512 :

331 3590 347 3624 α
380 3562 468 3628 Hinc
498 3567 618 3625 notum
648 3559 694 3623 sit
726 3567 860 3647 oportet
889 3558 931 3623 de
965 3560 1116 3646 generali
1150 3561 1267 3647 regula
1301 3563 1391 3627 haud
1417 3563 1451 3626 in

330 3683 505 3764 posterum
524 3674 760 3761 dispensatum
779 3673 837 3752 iri,
859 3678 897 3736 ut
916 3672 959 3738 ad
974 3673 1121 3760 majores
1140 3675 1275 3740 ordines
1295 3676 1452 3742 alumnus

330 3787 603 3876 congregationis
640 3793 798 3851 votorum
836 3786 1041 3852 solemnium
1073 3797 1330 3875 promoveatur,
1370 3791 1450 3878 quin

330 3903 423 3992 prius
442 3901 629 3966 solemnem
653 3899 897 3987 professionem
917 3899 1078 3966 emiserit.
1103 3902 1171 3968 »Si
1191 3925 1256 3991 qua
1276 3903 1452 3991 dispensa·
1550 3935 1553 3940 ·

362 4105 369 4138 ¹
389 4105 469 4168 Apud
485 4103 609 4160 Biunrri,
627 4101 775 4152 03113118.
793 4103 893 4166 Conqr.
909 4101 958 4165 Ep.
975 4105 1001 4150 et
1015 4103 1090 4168 Req„
1106 4107 1148 4154 cd.
1163 4111 1189 4157 2.
1206 4121 1232 4169 p.
1247 4109 1368 4154 855-857.

360 4180 371 4214 ²
389 4185 455 4232 Acta
469 4182 494 4230 S.
510 4179 598 4238 Sedis,
615 4184 634 4229 t.
651 4195 712 4240 xxv,
728 4195 754 4242 p.
775 4185 833 4236 ³12,
852 4181 895 4228 vel
912 4181 946 4229 ed
965 4181 1066 4230 calcem
1085 4183 1165 4246 hujus
1188 4185 1344 4240 voluminis,
1363 4185 1453 4234 Docu-

331 4265 449 4312 mentum
467 4260 481 4310 l
487 4261 513 4310 V.
