3300 5056
324 465 375 516 202
591 470 634 519 DE
654 471 793 524 LEGIBUS
812 475 926 526 SACRAE
945 475 1182 526 onolnattortls

323 611 502 676 -Tradit
521 611 625 678 etiam
644 614 848 682 Benedictus
867 617 946 682 XIV
966 619 1002 682 in
1025 617 1085 682 illa
1104 617 1207 706 priori
1232 615 1377 704 epistola
1398 617 1447 680 Eo

322 727 489 812 quemvis,
506 729 522 811 ᾗ
542 726 596 808 ld,
615 735 765 794 veterem
784 753 885 796 usum
905 732 1066 798 Ecclesiae
1085 731 1343 812 Maronitarum,
1360 730 1449 794 ordi-

323 839 427 904 nandi
450 839 675 906 subdiaconos
698 845 852 931 quinque
878 847 929 910 vel
953 869 1012 911 seo
1035 867 1221 928 annorum,
1247 844 1306 934 qui
1333 851 1448 909 tamen

321 976 406 1018 usus
423 962 559 1041 postea,
581 977 702 1043 nempe
722 957 757 1022 in
777 961 922 1025 concilio
942 959 1071 1026 Montis
1090 959 1228 1042 Libani,
1245 981 1448 1046 suppressus

322 1066 397 1132 luit.

368 1180 407 1246 C.
426 1183 526 1248 Ratio
545 1185 753 1252 desumenda
773 1194 825 1252 est
845 1211 887 1252 ex
907 1189 979 1274 ipsa
1000 1197 1124 1253 natura
1142 1187 1346 1252 sacramenti
1360 1187 1448 1250 ordi·

323 1297 385 1360 nis.
415 1296 502 1363 Sunt
527 1322 650 1388 nempe
679 1310 890 1367 sacramenta
916 1325 993 1390 quae
1019 1302 1195 1390 requirant
1222 1299 1447 1366 essentialiter

322 1419 436 1474 actum
465 1415 693 1498 suscipientis,
722 1439 756 1481 v.
786 1441 835 1504 g.‚
870 1417 1145 1511 matrimonium(⁷
1178 1415 1276 1503 cujus
1308 1413 1446 1480 materia

322 1531 374 1588 est
398 1525 470 1615 ipse
493 1535 632 1593 mutuus
655 1553 857 1617 sponsorum
886 1551 1090 1610 consensus;
1113 1522 1327 1616 punitentia,
1353 1529 1448 1616 cujus

324 1641 586 1724 quasi-materia
611 1644 849 1731 complectitur
867 1652 963 1710 actus
981 1644 1198 1733 poenitentis3
1219 1644 1310 1708 unde
1329 1642 1447 1706 borum

323 1763 612 1820 sacramentorum
643 1757 791 1823 infantes
822 1765 903 1823 sunt
933 1759 1123 1846 incapaces.
1156 1757 1243 1823 Sunt
1273 1780 1353 1821 vero
1384 1755 1448 1820 alia

323 1877 533 1934 sacramenta
547 1893 623 1958 quae
638 1877 746 1936 totam
766 1895 864 1938 suam
882 1873 953 1936 vim
967 1873 1182 1937 haurientes
1197 1870 1330 1936 actibus
1344 1870 1448 1958 ipsius

323 1981 486 2062 ministri,
514 1992 548 2048 et
576 1984 717 2072 proinde
742 1987 877 2051 nullum
903 1993 1017 2052 actum
1040 1985 1234 2074 recipientis
1258 1984 1444 2072 requirant,

323 2118 356 2160 v.
374 2117 423 2182 g.‚
446 2098 649 2182 baptismus,
666 2101 892 2185 confirmatio,
910 2099 1126 2183 eucharistia,
1144 2121 1289 2186 quorum
1307 2097 1447 2184 proinde

323 2209 425 2274 etiam
445 2210 592 2276 infantes
616 2222 696 2277 sunt
715 2236 868 2300 capaces.
891 2213 996 2278 Porro
1014 2213 1070 2278 his
1093 2213 1315 2278 sacramentis
1333 2233 1451 2275 accen·

323 2323 388 2387 seri
419 2322 520 2388 debet
548 2326 650 2390 etiam
679 2328 778 2412 ord0,
810 2329 868 2415 qui
898 2335 1007 2392 totam
1038 2349 1136 2392 suam
1165 2325 1235 2389 vim
1265 2325 1378 2389 haurit
1408 2346 1448 2388 ex

322 2437 454 2502 influxu
473 2439 620 2504 ministri
639 2463 761 2505 manus
779 2441 988 2530 imponentis
1007 2441 1218 2527 formamque
1232 2437 1445 2526 proferentis

367 2551 411 2617 Et
430 2553 489 2634 ita,
506 2553 721 2641 paucissimis
740 2555 905 2642 exceptis,
920 2577 1063 2619 concors
1076 2553 1334 2640 theologorum*
1349 2559 1382 2617 et
1397 2575 1450 2616 ca-

323 2667 536 2732 nonistarum
556 2669 743 2750 sententia,
765 2677 804 2734 ut
823 2667 957 2734 dicebat
976 2667 1182 2732 Benedictus
1201 2667 1292 2731 XIV.
1312 2667 1399 2746 Nec,
1421 2666 1449 2730 si

323 2781 435 2846 forsan
455 2783 571 2847 demas
593 2783 635 2847 D.
657 2783 824 2848 Thomam
833 2786 856 2864 ¹,
883 2783 1059 2870 excipiunt
1078 2782 1328 2868 episcopatum,
1353 2781 1450 2866 cujus

322 2917 439 2960 revera
472 2897 590 2961 eadem
623 2898 709 2961 ratio
743 2905 795 2962 est
828 2921 866 2962 ac
902 2895 1160 2985 presbyteratus
1192 2901 1449 2980 ceterorumque

322 3009 489 3074 ordinum.

368 3125 403 3190 3⁰
418 3123 608 3191 Solvuntur
621 3125 842 3212 difficultates
861 3123 1145 3189 adversariorum.
1163 3159 1207 3170 -
1222 3120 1342 3201 Quoad
1359 3122 1448 3210 prio-

321 3259 394 3300 rem
424 3237 660 3304 difficultatem
690 3261 793 3327 supra
822 3238 980 3318 relatam,
1012 3236 1157 3302 intentio
1187 3234 1245 3298 illa
1275 3237 1384 3300 atiena
1415 3243 1448 3300 et

323 3351 577 3437 interpretativa
595 3361 648 3418 est
671 3375 802 3417 merum
823 3352 1025 3439 figmentum
1045 3348 1214 3430 Durandi,
1236 3369 1300 3413 nec
1318 3348 1447 3436 aliquid

322 3472 481 3551 operatur
499 3467 626 3532 directe
645 3474 704 3531 aut
723 3466 884 3531 indirecte
905 3465 940 3529 in
959 3462 1198 3544 sacramentis,
1220 3469 1271 3544 et,
1293 3462 1322 3526 si
1342 3463 1446 3540 absit,

321 3599 391 3642 non
410 3586 526 3660 nocet3
553 3581 601 3644 sic
625 3581 661 3644 in
685 3579 856 3670 baptismo
879 3579 1030 3667 parvuli,
1057 3577 1119 3642 tilii
1141 3573 1346 3656 infidelium,
1370 3576 1447 3640 licet

353 3739 362 3772 ¹
381 3741 414 3788 V.
432 3757 467 3802 gn
484 3741 517 3789 D.
533 3741 667 3800 Thomas,
688 3743 783 3805 Suppl.
804 3745 874 3804 part.
891 3739 942 3798 111,
959 3755 985 3803 q.
1001 3755 1093 3798 xxxix,
1112 3747 1162 3792 art.
1180 3749 1204 3798 2;
1223 3769 1255 3778 -
1270 3741 1380 3800 l'lallier,
1397 3737 1445 3786 loc.

321 3818 465 3878 cn.,c.1v,
481 3823 532 3868 art.
549 3826 575 3878 t,
593 3822 644 3868 col.
661 3827 716 3868 860.

353 3897 440 3946 2’1,οε.
457 3896 520 3946 cit:
537 3919 548 3942 a
562 3898 615 3945 Sed
630 3899 664 3946 ad
683 3899 884 3961 episcopatum,
903 3895 950 3946 ubi
966 3896 1048 3945 etiam
1064 3897 1092 3945 in
1107 3913 1205 3962 corpur
1221 3895 1365 3962 mysticum
1379 3894 1448 3942 :rcri-

319 3972 398 4038 pitur
407 3977 539 4039 potestas,
556 3977 704 4038 requiritur
718 3981 796 4025 actus
811 3975 987 4038 suscipientis
999 3989 1092 4022 curam
1105 3975 1254 4023 animarum
1270 3973 1446 4036 pastoralem,

321 4057 350 4103 et
367 4055 429 4104 ideo
448 4057 491 4103 est
509 4055 592 4103 etiem
616 4054 649 4102 de
666 4055 826 4104 necessitate
845 4052 1059 4104 comecrationir
1078 4053 1251 4116 episcopatis,
1274 4051 1348 4117 quod
1372 4065 1447 4099 urum

322 4131 438 4182 rationis
452 4132 559 4182 habeat.
574 4151 587 4176 a
607 4133 641 4181 D.
657 4133 776 4182 Thomas
793 4133 939 4197 exponitur
953 4145 968 4179 a
983 4131 1098 4181 Billuart
1113 4132 1166 4193 (De
1184 4131 1294 4188 ordine,
1314 4131 1379 4178 diss.
1397 4127 1447 4182 111,

321 4213 372 4260 ort.
384 4217 407 4271 3,
422 4217 435 4271 g
450 4217 477 4273 1,
494 4212 611 4276 Trejecti
627 4211 660 4259 ad
674 4213 792 4272 Mosam,
807 4217 876 4271 1770,
892 4213 913 4260 t.
927 4225 985 4266 xix,
1001 4225 1028 4272 p.
1042 4211 1102 4274 178)
1117 4210 1266 4260 secundum
1278 4221 1448 4257 communem

322 4291 494 4339 sententiam.
