3290 5060
312 485 362 538 128
578 490 621 540 DE
642 490 780 542 LEGIBUS
800 490 914 542 SACRAE
933 491 1171 542 onnmffloms

246 645 248 650 '
311 633 436 721 inquo
462 639 623 720 appareat
650 657 810 699 concessa
834 633 1013 700 abbatibus
1036 635 1150 723 aliqua
1173 642 1326 722 potestas
1349 636 1437 700 circa

311 745 576 827 ordinationem3
600 769 669 811 non
688 747 801 833 agItur
819 747 855 812 in
880 755 977 814 textu
1001 749 1068 814 nisi
1088 749 1128 814 de
1149 749 1329 833 lectoratu,
1351 749 1437 814 forte

312 859 391 948 quia
409 866 491 925 tunc
510 859 565 924 hic
585 867 669 943 erat,
690 861 726 926 in
746 861 898 928 Ecclesia
914 861 1095 942 Orientali,
1114 862 1206 927 solus
1226 864 1308 926 ordo
1327 863 1438 926 minor

311 973 397 1038 infra
426 972 724 1056 subdiaconatum
754 976 830 1058 sed,
859 976 894 1040 in
922 976 1073 1041 Ecclesia
1099 977 1327 1060 Occidentali,
1356 1000 1438 1041 eon-

312 1088 419 1154 cessio
438 1088 612 1153 intellecta
632 1097 696 1170 est,
718 1090 754 1154 vi
772 1089 1038 1172 consuetudinis,
1061 1113 1129 1154 non
1148 1098 1284 1156 tantum
1302 1091 1344 1155 de
1362 1099 1437 1155 ton·

312 1225 408 1284 sura,
430 1202 490 1266 sed
509 1201 612 1266 etiam
631 1204 672 1267 de
693 1203 769 1268 aliis
793 1203 968 1268 ordinibus
987 1204 1174 1268 minoribus
1198 1204 1284 1269 infra
1304 1203 1437 1268 subdia-

312 1323 483 1382 conatum.
495 1315 669 1381 -Canon
688 1317 848 1382 Nicaenus
868 1319 1016 1383 insertus
1036 1326 1088 1383 est
1104 1319 1248 1383 Decreto
1264 1317 1434 1391 Gratiani,

312 1453 387 1496 can.
411 1429 595 1514 Quoniam,
619 1433 651 1512 I,
673 1431 753 1497 dist.
775 1431 895 1496 LXIX.

356 1545 391 1608 2⁰
405 1543 488 1632 Cap.
509 1545 596 1609 Cum
615 1546 801 1631 continpat,
821 1544 874 1628 II,
893 1546 944 1610 Dn
964 1566 1070 1610 nram
1089 1567 1128 1611 nr
1147 1567 1339 1626 ouxmrxrs,
1356 1553 1435 1614 cte..

314 1659 532 1724 Innocentius
557 1659 604 1723 III
629 1659 699 1726 ait:
728 1658 853 1724 «Cum
877 1660 912 1724 in
937 1661 1081 1748 septima
1105 1661 1236 1748 synodo
1260 1661 1305 1724 sit
1329 1666 1437 1724 statn-

312 1781 401 1855 tum,
423 1780 462 1836 ut
480 1773 625 1838 lectores
643 1797 704 1860 per
723 1797 845 1838 manus
868 1773 1121 1862 impositionem
1140 1774 1277 1839 licentia
1297 1773 1343 1838 sit
1362 1773 1438 1836 uni-

312 1887 433 1974 cuique
453 1886 580 1969 abbati,
601 1887 636 1952 in
655 1888 791 1975 proprio
811 1888 1016 1953 monasterio
1037 1888 1262 1968 solummodo,
1279 1887 1436 1967 faciendi,

290 2001 496 2100 'dummodo
520 2001 603 2088 ipsis
628 2000 670 2066 ab
695 2001 867 2089 episcope,
890 2003 1077 2066 secundum
1102 2025 1231 2067 morem
1254 2002 1438 2090 praeficien-

313 2115 432 2178 dorum
447 2113 621 2195 abbatum‚
640 2139 761 2181 manus
776 2115 948 2203 impositio
964 2115 1052 2180 facta
1067 2123 1240 2198 noscatur,
1258 2123 1291 2181 et
1306 2121 1439 2180 constet

312 2252 389 2293 cum
405 2229 549 2293 existere
566 2230 786 2312 sacerdotem,
800 2253 866 2316 per
872 2231 1025 2316 primam
1042 2239 1231 2314 tonsuram,
1241 2232 1349 2316 juxta
1363 2234 1437 2314 for-

314 2365 403 2406 mam
423 2344 579 2407 Ecclesiae
598 2345 761 2428 datam,a
781 2345 908 2408 talibus
925 2333 1091 2408 clericalis
1111 2346 1193 2408 ordo
1213 2349 1401 2430 confertur.
1422 2370 1436 2402 r

312 2456 378 2523 Ubi
407 2457 503 2521 vides
533 2456 769 2522 Innocentium
798 2458 992 2522 authentice
1019 2458 1235 2546 interpretari
1262 2458 1438 2522 Nicamum

313 2594 477 2636 canonem
501 2571 542 2636 de
565 2572 674 2658 prima
697 2579 849 2637 tonsura.
867 2611 911 2621 -
933 2571 1026 2636 Idem
1051 2572 1237 2637 clarissime
1262 2572 1439 2636 deducitur

313 2709 354 2751 ex
380 2709 453 2773 cap.
482 2686 651 2768 Abbatcs,
680 2687 717 2767 3,
752 2687 802 2750 Da
832 2707 1036 2768 enivnnnns,
1066 2686 1101 2749 in
1127 2686 1190 2764 VI,
1220 2684 1306 2750 infra
1332 2685 1438 2750 relato

312 2799 366 2888 (n.
391 2799 476 2889 52).

358 2915 391 2980 3ο
408 2914 556 2978 Concilio
582 2914 790 2996 Tridentino,
813 2937 886 3001 cap.
905 2915 1113 2997 Abbatibus,
1133 2916 1186 2995 10,
1205 2937 1288 2979 sess.
1308 2911 1436 2990 XXIII,

314 3029 365 3092 Da
384 3049 455 3092 aar.
474 3049 481 3094 :
505 3056 520 3088 α
538 3026 744 3110 Abbatibus,
766 3050 805 3092 ac
824 3027 900 3092 aliis
920 3027 1202 3116 quibuscumque,
1220 3027 1438 3116 quantumvis

314 3141 493 3228 exemptis,
515 3165 584 3206 non
603 3142 705 3208 liceat
723 3142 759 3205 in
778 3149 966 3230 posterum,
984 3142 1073 3206 intra
1092 3143 1177 3206 fines
1197 3141 1339 3228 alicujus
1359 3141 1439 3204 dioe-

313 3256 400 3337 cesis
420 3255 701 3329 consistentibus,
724 3255 858 3321 etiamsi
882 3255 1009 3320 nullius
1033 3255 1189 3321 dioecesis
1212 3255 1268 3321 vel
1291 3255 1439 3340 exempti

314 3392 388 3435 esse
415 3370 582 3450 dicantur,
612 3371 785 3458 cuiquam,
818 3369 876 3457 qui
905 3369 1071 3457 regularis
1098 3369 1254 3434 subditus
1280 3367 1345 3434 sibi
1371 3389 1439 3432 non

313 3493 374 3574 sit,
391 3501 567 3558 tonsuram
587 3492 642 3556 vel
661 3492 809 3556 minores
829 3479 964 3556 ordines
983 3491 1147 3556 conferre.
1168 3519 1183 3553 »
1200 3491 1238 3555 In
1258 3492 1322 3555 hoc
1342 3497 1440 3555 textu

313 3607 500 3672 clarissime
520 3605 723 3693 supponitur
736 3606 794 3694 jus
814 3603 975 3670 abbatum
1000 3606 1146 3670 minores
1166 3627 1284 3670 omnes
1304 3604 1439 3668 ordines

313 3721 520 3787 conferendi.

358 3836 462 3900 Dixi:
489 3835 573 3899 Jurc
597 3835 809 3900 communi...
818 3854 833 3918 ,·
856 3833 1002 3922 simplex
1026 3832 1205 3922 presbyter
1231 3855 1298 3897 non
1325 3839 1439 3920 potest

312 3950 424 4016 valide
443 3947 595 4013 conferre
614 3947 723 4013 ullum
742 3947 895 4012 ordinem
914 3949 987 4013 sine
1000 3947 1179 4035 privilegio
1194 3947 1339 4012 Romani
1353 3969 1438 4032 pon-

312 4065 432 4144 tificis;
453 4064 544 4129 unde
563 4085 625 4127 nec
648 4060 788 4127 abbates
808 4061 986 4127 conferunt
1010 4061 1145 4126 ordines
1166 4061 1237 4125 sinc
1257 4060 1436 4148 privilegio

312 4177 503 4270 pontificio;
530 4200 608 4242 cum
631 4182 744 4240 autem
768 4177 832 4240 hoc
857 4176 1072 4264 privilegium
1095 4173 1257 4240 abbatum
1281 4175 1436 4240 clausum

313 4293 358 4360 sit
377 4295 412 4358 in
433 4293 582 4378 Corpore
599 4290 711 4373 Juris,
733 4291 768 4354 in
788 4290 904 4355 relatis
928 4312 1049 4376 nempe
1070 4287 1238 4369 textibus,
1259 4295 1350 4353 recte
1370 4287 1437 4352 dici
