3248 5052
553 1263 913 1332 DOCUMENTUM
944 1265 974 1328 V

300 1517 468 1578 Decretum
484 1516 516 1578 S.
535 1515 799 1599 Conprepationis
815 1515 967 1592 Concitii,
984 1514 1023 1576 de
1037 1514 1226 1575 clericorum

363 1611 621 1674 ercardr'natione
636 1618 665 1672 et
680 1611 879 1673 ordinatione
885 1659 894 1690 ,
910 1615 948 1672 20
959 1613 1029 1694 julii
1048 1614 1123 1672 1898
1137 1612 1157 1672 ¹.

238 1989 266 2048 A
287 1988 393 2068 primis
415 1987 560 2048 Ecclesiae
582 1988 703 2048 saeculis
726 1989 814 2069 plura
837 2008 923 2048 sacra
946 1987 1076 2048 concilia
1098 1987 1321 2059 decreverunt,

198 2083 282 2164 quod
298 2085 454 2144 recentius
470 2085 665 2144 confirmavit
678 2084 894 2144 Tridentinum
910 2093 978 2165 cap.
991 2105 1057 2156 vm,
1070 2103 1145 2143 sess,
1159 2081 1264 2154 XXIl,
1277 2081 1324 2140 Du

198 2201 274 2252 nun,
292 2181 448 2240 neminem
465 2181 523 2240 nisi
538 2203 555 2240 a
571 2181 697 2261 proprio
713 2181 860 2262 episcopo
875 2201 964 2261 posse
980 2179 1130 2240 ordinarI.

238 2276 386 2357 Proprius
401 2283 505 2336 autem
520 2276 653 2358 alicujus
668 2277 848 2358 episcopuS,
863 2277 952 2356 juxta
968 2297 1004 2336 ea
1019 2297 1089 2357 quae
1109 2274 1276 2356 praefinivit
1291 2275 1323 2333 in

198 2371 305 2452 primis
319 2372 498 2432 Bonifacius
509 2373 583 2432 VIII
594 2373 626 2432 in
640 2373 734 2433 Sexto
747 2373 877 2447 decret,
888 2393 955 2453 cap.
970 2371 1050 2432 Cum
1064 2370 1183 2446 nultus,
1196 2371 1242 2430 Da
1252 2393 1324 2429 rsu-

198 2489 263 2528 ron.
281 2489 392 2542 onum,
411 2493 424 2524 c
442 2468 627 2548 intelligitur
641 2469 673 2528 iu
692 2470 752 2528 hoc
767 2490 840 2529 casu
857 2470 1022 2550 episcopus
1037 2468 1075 2527 de
1092 2468 1182 2548 cujus
1196 2467 1323 2527 dioecesi

196 2564 305 2636 estis,
329 2565 383 2646 qui
407 2565 446 2624 ad
471 2565 595 2625 ordines
619 2566 796 2646 promoveri
820 2564 991 2638 desiderat,
1018 2564 1185 2638 oriundus,
1212 2585 1266 2622 seu
1291 2563 1322 2622 in

197 2660 288 2740 cujus
303 2659 429 2720 dioecesi
445 2661 630 2724 beneficIum
647 2661 768 2721 obtinet
781 2661 1041 2733 ecclesiasticum,
1058 2682 1113 2720 seu
1127 2660 1221 2720 babet
1232 2659 1323 2734 (licet

196 2755 270 2815 alibi
291 2764 381 2816 natus
402 2757 514 2832 fuerit)
529 2755 721 2818 domicilium
742 2758 773 2816 in
793 2758 912 2818 eadem.
931 2783 945 2814 »
962 2756 1082 2816 Deinde
1102 2777 1172 2816 cum
1193 2777 1321 2815 consue·

165 2905 169 2916 .
197 2851 274 2912 tudo
289 2852 470 2924 invaluerit,
488 2861 523 2913 ut
537 2854 673 2934 episcopi
691 2853 856 2914 familiares
873 2875 945 2913 suos
960 2853 1018 2912 etsi
1038 2853 1146 2912 alienae
1161 2852 1320 2924 dioecesis,

196 2949 291 3007 sacris
304 2948 473 3022 initiarent,
487 2957 518 3008 et
531 2956 636 3009 sancta
647 2949 827 3009 Tridentina
841 2949 979 3031 synodus
990 2970 1058 3029 cap.
1068 2970 1109 3022 ur,
1122 2969 1195 3008 sess.
1205 2947 1320 3020 XXIII,

197 3043 244 3104 De
259 3065 336 3117 nun,
354 3043 385 3103 id
401 3047 494 3104 certis
508 3045 566 3104 sub
582 3045 818 3105 condicionibus
833 3045 1030 3126 probaverit,
1047 3044 1198 3117 obtinuit,
1216 3051 1251 3104 ut
1266 3044 1322 3102 tri·
1364 3093 1368 3104 .

196 3139 254 3200 bus
274 3141 430 3220 prioribus
450 3141 563 3214 titulis,
586 3141 729 3221 originis,
746 3141 895 3201 domicilii
914 3149 946 3201 et
966 3140 1123 3214 beneficii,
1140 3140 1253 3220 quibus
1270 3139 1322 3220 jus

196 3235 291 3296 fiebat
305 3237 458 3318 episcopis
473 3238 607 3318 aliquem
623 3237 662 3298 ad
678 3237 802 3297 ordines
818 3237 1033 3318 promovendi,
1051 3245 1181 3318 quartus
1196 3257 1321 3318 quoque

195 3342 423 3408 accenseretur,
449 3333 568 3394 scilicet
593 3334 822 3394 familiaritatis.
847 3333 926 3394 Cum
950 3343 1055 3394 autem
1080 3333 1118 3393 de
1143 3332 1321 3414 hujusmodi

195 3429 296 3489 titulis
320 3429 558 3510 disceptaretur,
586 3431 787 3490 InnocenIIus
814 3431 889 3504 Xll,
915 3451 987 3510 app.
1014 3429 1074 3491 litt.
1101 3429 1322 3510 incipientibus

195 3523 432 3606 Speculatores,
453 3525 534 3586 datis
554 3527 603 3586 die
622 3526 641 3585 I
658 3547 729 3588 nov.
752 3527 843 3600 1694,
865 3526 1085 3586 determinavit
1104 3546 1140 3586 ac
1159 3526 1323 3585 constituit

196 3641 258 3702 quo
273 3643 366 3682 sensu
383 3629 413 3682 et
428 3623 607 3682 extensione
622 3623 714 3682 iidem
727 3631 831 3682 essent
843 3621 1014 3702 accipiendi
1027 3621 1064 3682 ad
1078 3643 1148 3682 eum
1163 3623 1319 3695 effectum,

195 3723 232 3776 ut
246 3718 315 3797 quis
332 3721 475 3798 proprius
491 3719 578 3778 fieret
592 3719 726 3798 alicujus
745 3719 883 3798 episcopi
899 3718 1057 3789 subditus,
1075 3739 1169 3799 aquo
1185 3718 1321 3796 legitime

194 3813 331 3874 ordinari
351 3815 479 3874 valeret.
497 3815 571 3882 Quae
591 3815 775 3874 constitutio
795 3823 829 3874 ut
850 3835 993 3895 suprema
1014 3814 1064 3874 lex
1083 3814 1194 3874 deinde
1216 3814 1321 3874 habita

195 3917 257 3984 est,
274 3931 372 3992 eaque
388 3897 467 3970 duce
483 3931 590 3971 omnes
605 3912 794 3992 quaestiones
809 3911 982 3992 diremptae.

235 4005 353 4066 Verum
367 4008 483 4066 nostris
497 4008 691 4087 temporibus
707 4028 796 4067 novae
814 4008 1007 4067 contentioni
1027 4007 1173 4088 frequens
1194 4027 1226 4067 se
1242 4027 1321 4088 prae-

195 4101 263 4162 buit
277 4103 410 4163 occasi0.
430 4103 575 4162 Pluribus
592 4103 674 4163 enim
690 4103 722 4163 in
738 4102 813 4163 locis
834 4125 891 4164 usu
912 4111 1071 4184 receptum
1087 4112 1134 4163 est
1150 4111 1184 4162 ut
1198 4102 1319 4178 clerici,

227 4280 234 4312 ¹
252 4281 320 4329 Acta
335 4281 360 4328 S.
377 4281 465 4338 Sedts,
483 4285 502 4329 t.
518 4296 592 4342 xxxi,
609 4297 634 4344 p.
652 4285 695 4340 493
714 4309 740 4317 -
758 4281 914 4340 Canoniste,
932 4283 951 4330 t.
969 4285 1226 4344 xx1‚1898,p.678.
