3294 5054
325 473 466 526 NO'I'I'I'IAE
485 475 671 528 nlsnontcrn
688 475 786 527 ctncn
802 475 901 527 nnus
920 475 1156 527 onnlnnnlonls
1252 473 1306 526 ὁδί

219 619 303 682 iffi.
326 653 364 664 -
387 620 575 682 Ordinatio
596 621 804 682 diaconalis.
825 655 868 664 -—
889 619 983 680 Ritus
1005 619 1171 680 exhibetur
1193 620 1226 680 in
1249 619 1301 680 cit.

181 722 287 782 verbis
300 728 347 796 (n.
358 724 444 798 194)
458 721 592 784 Ortlinis
605 722 665 798 IX,
681 728 743 784 mi
758 724 813 796 (cl.
828 724 923 784 etiam
940 722 1093 784 Ordinem
1110 722 1199 800 VIII,
1213 744 1244 784 n.
1259 725 1303 798 3),

176 836 210 886 et
226 828 386 888 orationes
398 829 430 887 in
445 827 722 889 Sacramentariia.
738 865 779 874 -—
795 829 907 888 Unde:

222 939 251 991 1⁰
272 933 364 992 Ritus
383 933 571 1014 completur,
591 934 672 992 sieut
694 953 750 1013 pro
775 932 1024 994 ordinationibus
1045 933 1251 1014 presbyterali
1273 941 1305 992 et

178 1037 360 1118 episcopali,
376 1037 502 1098 duobus
514 1037 698 1098 elementis:
716 1043 742 1099 l.
758 1037 963 1118 Impositione
977 1058 1089 1098 manus
1103 1059 1200 1118 super
1210 1045 1303 1120 caput

22 1189 24 1200 ,
138 1147 141 1154 ’
179 1142 464 1215 ordinandi3-2.
481 1143 678 1202 Recitatione
698 1142 836 1222 plurium
855 1143 1042 1202 orationum.
1058 1143 1172 1202 -Hae
1191 1144 1304 1204 oratio·

180 1269 234 1306 nes
254 1254 328 1306 sunt
341 1245 564 1307 Incitatorium
585 1247 624 1306 ad
644 1247 785 1320 fideles¹,
806 1247 866 1306 alia
886 1247 989 1306 brevis
1009 1267 1066 1327 per
1083 1247 1211 1307 modum
1232 1247 1304 1307 Col-

180 1353 293 1428 lectres
305 1351 430 1412 tandem
451 1353 552 1412 oratio
571 1351 838 1426 conia-retorta&
854 1373 924 1432 qum
944 1351 1048 1412 adbuc
1066 1351 1159 1410 bodie
1178 1352 1302 1430 legitur,

179 1458 374 1537 paucissimis
398 1457 504 1516 verbis
527 1457 671 1530 mutatis,
699 1457 731 1516 in
755 1455 942 1538 Pontificali
967 1457 1123 1532 Romane,
1150 1477 1221 1517 cum
1245 1457 1304 1516 boc

177 1562 358 1622 discrimine
376 1561 478 1642 quod,
492 1561 583 1642 juxta
602 1561 849 1620 sacramentaria
869 1560 1065 1621 Leonianum
1084 1569 1116 1621 et
1137 1559 1304 1644 Greqoria·

178 1687 269 1742 num,
287 1666 354 1725 haec
373 1667 567 1726 consecratio
588 1667 651 1726 non
671 1666 911 1745 interrumpitur
929 1673 1001 1725 ante
1020 1665 1138 1725 verba:
1156 1691 1170 1721 «
1189 1666 1304 1726 Emitte

176 1771 208 1830 in
232 1791 302 1845 eos,
325 1791 521 1852 quaesumus,
546 1771 735 1838 Domine...;
754 1797 769 1826 η
793 1771 951 1850 impositio
972 1771 1053 1830 enim
1077 1791 1187 1830 manus
1210 1771 1303 1832 fiebat

176 1884 247 1936 antc
262 1876 541 1948 consecrationem,
558 1863 639 1935 sicut
653 1877 685 1934 in
700 1875 896 1934 ordinatione
912 1875 1131 1956 presbyterali.

216 1986 248 2040 2⁰
275 1981 310 2040 ln
334 1982 393 2040 hac
416 1981 558 2040 oratione
582 1980 827 2053 consecratoria,
854 1980 1011 2060 praecipua
1038 1980 1132 2039 verba
1156 1979 1304 2039 videntur

174 2103 265 2145 esse:
284 2110 299 2140 a
317 2086 433 2144 Emitte
452 2085 483 2144 in
504 2105 572 2158 eos,
590 2085 741 2157 Domine,
757 2105 952 2164 quaesumus,
970 2085 1119 2165 Spiritum
1135 2087 1301 2156 Sanctum,

174 2211 238 2271 quo
254 2191 285 2248 in
297 2211 376 2270 opus
389 2190 553 2248 ministerii
567 2189 700 2248 fideliter
713 2189 903 2268 exsequendi
914 2209 1043 2249 munere
1051 2189 1226 2270 septiformi
1240 2199 1302 2249 tuta

173 2294 283 2372 gratiae
297 2294 496 2354 roborentur.
513 2294 662 2353 Abundet
677 2294 708 2352 in
723 2293 767 2352 eis
783 2293 880 2352 totius
894 2293 995 2371 Iorma
1010 2293 1173 2354 virtutis...
1191 2318 1206 2348 »

213 2398 449 2460 solidamenta
469 2397 657 2470 diaconalia,
680 2417 791 2478 nempe
811 2398 947 2457 orarium
968 2406 999 2457 et
1018 2398 1200 2472 dalmatica,
1221 2400 1300 2459 tradi

174 2503 321 2564 videntur
335 2504 512 2563 ordinando
525 2505 557 2562 in
572 2505 641 2584 ipso
660 2504 722 2562 ritu
737 2502 959 2575 ordinationis;
975 2509 1123 2577 attamen,
1135 2505 1168 2564 in
1180 2503 1301 2566 Ordine

172 2610 205 2669 S.
222 2608 373 2682 AmandI,
391 2608 558 2668 traduntur
572 2615 645 2668 ante
660 2607 900 2666 ordinationem.

212 2713 246 2771 4⁰
259 2713 356 2772 quta
377 2713 520 2773 Capones
539 2711 726 2794 Hippolyti,
749 2733 779 2770 n.
797 2711 932 2784 :ts-42³,
954 2713 1109 2773 ordinatio
1128 2711 1299 2774 diaconalis

171 2823 296 2877 constat
311 2817 428 2898 pariter
446 2817 664 2877 tantummodo
679 2816 880 2896 impositione
900 2836 1010 2876 manus
1030 2818 1167 2898 episcopi
1182 2825 1213 2877 et
1228 2839 1299 2877 ora·

171 2925 256 2984 tione
271 2923 512 2984 consecratoria.

213 3137 296 3200 196.
312 3171 347 3180 -
362 3136 550 3198 Ordinatio
564 3135 840 3197 subdiaconatus
854 3141 889 3197 et
902 3134 1139 3215 acolythatus.
1153 3169 1191 3180 -
1205 3135 1297 3195 Ritus

171 3263 229 3324 pro
243 3241 292 3302 bis
306 3239 430 3300 duobus
446 3239 696 3298 ordinationibus
715 3239 851 3298 traditur
869 3239 900 3298 in
918 3237 1039 3300 Ordine
1059 3237 1148 3316 VIII,
1166 3261 1198 3300 n.
1217 3244 1294 3312 1-2‚

170 3347 219 3406 his
234 3347 357 3406 verbis:
374 3371 388 3401 «
405 3345 488 3404 Dum
504 3345 595 3404 missa
611 3344 766 3405 celebrata
781 3345 885 3418 luerit,
898 3345 1034 3404 induunt
1045 3344 1192 3405 clericum
1207 3345 1295 3406 illum

166 3449 392 3530 (ordinandum
409 3449 441 3508 in
456 3449 652 3530 acolythum)
664 3449 821 3530 planetam
837 3456 869 3510 et
882 3449 1029 3509 orarium.
1045 3449 1191 3531 Dumque
1204 3471 1296 3510 vene-

170 3555 211 3616 rit
225 3555 405 3636 episcopus,
422 3561 476 3614 aut
492 3553 557 3634 ipse
573 3553 708 3614 domnus
722 3553 914 3634 apostolicus
928 3553 968 3612 ad
982 3555 1292 3630 communicandum,

169 3659 289 3720 faciunt
312 3679 384 3718 eum
406 3658 513 3718 venire
535 3657 572 3718 ad
596 3679 644 3732 se,
666 3666 698 3718 et
721 3659 853 3740 porrigit
875 3659 907 3718 in
932 3659 1022 3720 ulnas
1043 3659 1111 3740 ejus
1135 3661 1293 3720 sacculum

168 3785 262 3846 super
277 3763 451 3844 planetam
469 3770 500 3822 et
515 3765 684 3844 prosternit
703 3785 735 3822 sc
755 3764 785 3822 in
806 3771 919 3823 terram
935 3785 1005 3824 cum
1021 3765 1089 3846 ipso
1104 3764 1244 3838 saccum,
1262 3771 1291 3824 et

166 3868 222 3928 dat
237 3869 265 3927 ei
284 3869 457 3927 orationem
473 3867 517 3926 sic
533 3885 539 3926 :
557 3865 774 3928 Intercedente
793 3867 885 3928 beata
900 3875 929 3928 et
947 3867 1088 3951 ploriosa
1106 3890 1292 3952 semperque

197 4063 204 4095 ¹
224 4061 300 4111 Sicut
314 4062 341 4109 in
356 4061 487 4110 hodierno
503 4061 657 4124 Pontificnli
671 4061 799 4110 Romano.

196 4139 369 4198 ²Mnratori,
391 4143 411 4188 t.
428 4155 449 4198 ι,
471 4154 497 4201 ρ.
514 4142 573 4196 423,
594 4141 637 4188 vel
657 4141 761 4202 Mitras,
777 4141 807 4188 P.
825 4141 864 4196 1...
881 4143 901 4188 t.
922 4157 965 4200 iv,
981 4141 1033 4189 col.
1053 4145 1182 4201 tit-nm
1200 4141 1290 4190 Mura-

164 4219 231 4274 tori.
247 4223 266 4267 t.
288 4233 318 4278 n,
334 4233 362 4281 p.
378 4221 432 4265 360.

197 4297 206 4330 ²
225 4296 383 4352 Ducbesne,
400 4295 449 4344 loc.
466 4295 521 4349 cit..
539 4311 567 4358 p.
585 4301 638 4344 527.
