3294 5054
338 447 391 500 4¹2
605 451 649 502 DE
668 451 806 502 LEGIBUS
827 450 939 501 SACRAE
958 451 1194 502 onnlnnrlon'ls

338 593 485 658 instituti
509 616 527 658 a
557 593 592 660 S.
618 593 705 660 Sede
729 617 900 660 concessa.
925 631 968 642 —
988 593 1108 673 Quoad
1127 593 1301 660 decretum
1325 593 1460 676 Auctis,

338 707 432 771 nullo
452 708 553 772 modo
578 708 735 772 concedit
758 707 933 796 praelatam
957 715 1163 797 potestatem
1182 706 1341 772 omnibus
1363 707 1462 772 insti-

338 821 421 886 tutis
440 829 598 888 votorum
619 821 843 910 simplicium,
866 822 926 888 sed
945 829 1095 902 tantum,
1117 821 1159 888 de
1179 821 1284 900 laeto,
1301 843 1369 886 non
1389 821 1462 908 agit

337 933 403 998 nisi
423 933 464 998 de
485 935 538 1000 bis
558 935 737 1013 institutis,
755 959 831 1024 quae
850 935 912 1002 bae
932 943 1099 1024 potestate
1119 935 1252 1000 indulto
1272 935 1461 1022 apostolico

333 1050 405 1136 jam
426 1047 600 1128 fruuntur;
623 1049 673 1115 nil
700 1050 791 1114 enim
818 1050 964 1138 amplius
990 1073 1032 1114 ex
1058 1050 1121 1115 boo
1148 1050 1283 1115 decreto
1304 1047 1461 1114 concludi

338 1169 460 1250 potest.

424 1414 466 1480 ll.
495 1415 659 1483 Iuniaruu
684 1438 857 1484 uunrrncn
882 1437 1167 1484 cosanaorrronuu
1197 1439 1258 1482 uae
1280 1439 1310 1482 rr
1336 1437 1375 1481 nn

382 1651 478 1722 178.
494 1691 537 1702 -
557 1655 745 1723 Formula
759 1661 946 1724 consueta
965 1654 1125 1722 indulti.
1136 1693 1180 1703 -
1192 1655 1225 1718 A
1240 1653 1363 1719 saeculo
1376 1673 1457 1733 xvir,

338 1790 499 1858 concessa
531 1775 610 1834 sunt
637 1769 867 1857 superioribus
893 1769 1145 1848 institutorum,
1172 1769 1213 1834 de
1238 1767 1362 1856 quibus
1388 1769 1460 1854 agi-

339 1903 431 1962 mus,
460 1882 608 1961 indulta‚
636 1883 670 1946 vi
697 1905 840 1970 quorum
861 1883 920 1970 jus
945 1881 1070 1948 babent
1094 1883 1304 1964 dimittendi,
1326 1889 1384 1946 aut
1406 1883 1460 1965 (ut

338 1993 520 2084 aliquando
547 1997 650 2062 etiam
681 1997 820 2086 dicitur)
846 1998 1075 2082 praesentandi
1101 1995 1256 2062 subditos
1285 2019 1365 2060 suos
1388 1995 1459 2083 epi·

339 2131 440 2196 scopo
470 2109 678 2192 dioecesano,
705 2117 764 2175 aut
793 2111 893 2176 etiam
926 2111 1127 2199 cuicumque
1152 2113 1328 2200 episeopo,
1354 2117 1392 2174 ut
1417 2107 1459 2173 ab

338 2223 397 2287 illo
421 2223 557 2289 ordines
580 2225 756 2313 recipiant.
783 2225 839 2291 Sic
867 2233 1072 2314 potestatem
1099 2225 1306 2290 concedendi
1329 2223 1460 2289 litteras

339 2337 548 2402 dimissorias
576 2337 733 2405 Urbanus
767 2337 846 2404 VIII
878 2341 945 2428 (an.
980 2339 1078 2428 1632)
1110 2347 1145 2405 et
1177 2337 1373 2404 Alexander
1396 2336 1459 2402 VII

337 2450 407 2539 (an.
443 2453 543 2540 1655)
571 2461 813 2518 concesserunt
839 2454 1093 2542 congregationi
1122 2453 1327 2520 Missionis¹.
1361 2451 1460 2533 Quod
1556 2467 1560 2480 ’

339 2564 465 2630 lactum
485 2574 537 2631 est
556 2568 658 2632 etiam
679 2590 739 2656 pro
759 2568 876 2633 multis
892 2568 968 2633 aliis
987 2569 1169 2651 institutis,
1191 2567 1379 2656 praesertim
1399 2589 1460 2630 no-

339 2681 418 2742 stris
442 2681 663 2768 temporibus.
686 2680 741 2745 Ab
768 2705 857 2746 anuo
884 2691 997 2748 autem
1029 2681 1131 2763 1894,
1157 2681 1353 2747 concinnari
1373 2679 1460 2745 solet

338 2792 514 2880 praelatum
549 2795 720 2860 indultum
747 2796 809 2860 hoc
838 2797 966 2862 modo:
1001 2825 1016 2855 «
1045 2796 1218 2883 Superiori
1245 2795 1395 2860 instituti
1414 2794 1456 2858 xl.

337 2907 436 2973 datur
454 2909 602 2993 facultas
616 2911 661 2974 ad
676 2912 861 2975 triennium
874 2909 942 2997 (vel
958 2909 1002 2974 ad
1017 2911 1285 2998 quinquennium
1295 2909 1323 2992 ’l
1345 2931 1459 2973 conce-

337 3022 438 3086 dendi
456 3025 527 3088 suis
550 3025 696 3089 subditis
717 3025 846 3090 litteras
872 3025 1112 3089 dimissoriales
1136 3025 1180 3088 ad
1205 3024 1340 3088 ordines
1358 3023 1459 3087 susci-

334 3137 474 3220 piendos
497 3159 517 3200 a
541 3161 755 3225 quocumque
777 3159 873 3203 sacro
898 3139 1060 3202 Antistite
1079 3139 1227 3224 qratiam
1252 3146 1284 3202 et
1308 3158 1458 3202 commu-

337 3251 470 3313 nionem
491 3251 634 3316 habente
653 3275 731 3316 cum
754 3253 936 3338 apostolica
962 3251 1061 3336 Sede,
1083 3253 1267 3318 dummodo
1287 3253 1457 3338 episcopus

336 3363 493 3444 eliseaeus,
512 3366 545 3429 in
565 3368 665 3452 cujus
682 3367 848 3430 limitibus
862 3367 922 3451 pia
936 3367 1058 3431 domus
1077 3367 1258 3431 ordinandi
1274 3366 1453 3450 reperitur,

335 3499 354 3539 a
379 3499 439 3541 sua
465 3479 540 3542 sede
564 3480 732 3563 abfuerit,
759 3479 810 3543 vel
839 3480 1021 3544 habiturus
1048 3501 1115 3544 non
1137 3479 1246 3563 suerit
1270 3478 1456 3541 ordinatio-

337 3614 428 3674 nem,
456 3594 563 3677 juxta
601 3595 773 3658 decretum
818 3593 1000 3658 Clementis
1048 3593 1147 3676 VIII,
1187 3593 1240 3656 die
1282 3589 1329 3658 15
1368 3612 1455 3654 mar-

337 3705 375 3768 tii
393 3703 494 3772 1596
505 3706 526 3770 ³.
553 3734 568 3766 n
600 3707 672 3771 Hoc
692 3705 880 3772 Clementis
900 3705 979 3771 VIII
1000 3707 1173 3772 decretum
1193 3713 1246 3772 est
1264 3705 1350 3770 illud
1369 3705 1456 3769 cele·

335 3816 393 3883 bre
412 3820 584 3884 decretum
599 3821 860 3904 Cte'mentinum,
879 3821 981 3886 toties
1001 3822 1035 3885 in
1055 3821 1164 3907 eapite
1184 3821 1356 3906 superiore
1375 3819 1456 3882 alle-

365 4019 373 4052 ¹
391 4018 561 4076 Honorante,
577 4018 686 4076 Prasia,
703 4023 765 4076 etc.‚
781 4033 808 4081 p.
825 4023 878 4068 127.

364 4097 440 4144 ²Vel
462 4097 606 4159 aliquando
626 4111 675 4158 pro
693 4098 873 4148 determInato
890 4111 1002 4146 numero
1019 4112 1144 4155 casuum,
1167 4113 1192 4146 v.
1210 4113 1245 4160 g.‚
1266 4111 1315 4160 pro
1335 4100 1364 4144 20
1383 4097 1455 4144 casi-

334 4177 392 4223 bus.

364 4255 374 4286 ³·
393 4253 432 4300 lta
448 4255 473 4300 in
489 4254 581 4302 mullis
596 4253 719 4307 indultis.
737 4269 797 4316 quae
813 4255 863 4302 sub
879 4255 964 4302 oculis
979 4254 1070 4302 habui.
