3290 5060
341 458 393 514 162
606 459 650 510 DE
669 459 808 510 LEGIBUS
828 458 942 510 SAGRAE
960 460 1199 512 onnlrvtrlonls

339 627 426 685 cam,
440 601 580 692 praefata
592 601 771 668 decretalis
786 603 979 690 specificam
993 603 1252 692 dispositionem
1268 607 1462 686 continent3

338 717 455 806 generi
482 723 597 784 autem
624 739 686 804 per
713 716 862 804 speciem
889 717 1084 805 derogatur.
1112 758 1157 768 -
1183 719 1312 785 Verum
1340 727 1464 786 notan-

338 833 420 900 dum
439 839 491 898 est
509 831 569 896 vix
587 831 701 896 locum
720 853 797 896 esse
819 831 919 896 bodie
943 832 1163 921 applicationi
1185 832 1286 922 hujus
1310 833 1464 902 decreta—

336 947 396 1030 lis,
418 946 513 1034 quia,
529 951 569 1010 ut
587 944 765 1032 suspensio
785 946 936 1033 episcopi
957 946 1002 1012 sit
1027 949 1224 1032 manifesta,
1246 948 1289 1013 ad
1308 971 1463 1014 normam

337 1059 528 1140 decretalis,
546 1081 614 1124 non
630 1057 756 1125 suffieit
770 1059 958 1126 notorietas
971 1061 1074 1145 sacti,
1091 1059 1152 1126 sed
1166 1061 1351 1149 requiritur
1363 1071 1463 1129 noto-

335 1173 440 1240 rietas
447 1173 545 1260 juris
566 1172 655 1260 (haee
669 1161 765 1238 'enim
785 1172 981 1254 decretalis,
999 1180 1117 1262 utpote
1136 1175 1296 1262 penatis,
1314 1184 1348 1241 et
1362 1175 1464 1242 valde

335 1281 527 1354 restrictiva
545 1285 676 1374 jurium
699 1287 868 1375 episcopi,
894 1286 1015 1374 recipit
1042 1287 1358 1376 interpretationem
1385 1291 1460 1356 stri-

335 1402 511 1488 ctiorem),
538 1401 573 1466 id
600 1407 653 1466 est
672 1401 829 1486 juridica
855 1401 1039 1466 declaratio
1065 1425 1232 1484 censurat,
1260 1425 1335 1491 quse
1362 1404 1460 1470 bodie

335 1515 408 1584 lieri
430 1515 550 1604 nequit
574 1514 641 1581 nisi
664 1537 727 1602 per
749 1515 943 1580 Romanum
968 1515 1191 1596 Pontificem3
1218 1515 1274 1580 hic
1298 1539 1378 1606 ergo
1402 1517 1459 1584 de-

333 1629 493 1698 clarando
517 1650 712 1706 censuram,
733 1626 927 1715 providebit
951 1625 1074 1694 futuris
1097 1629 1368 1696 ordinationibus
1391 1632 1459 1696 cle-

333 1743 500 1824 ricorum3
532 1743 561 1808 si
587 1764 657 1806 non
686 1719 881 1829 provideat,
913 1741 1051 1828 signum
1078 1749 1132 1806 est
1159 1742 1273 1829 ipsum
1301 1741 1390 1806 velle
1420 1749 1458 1808 ut

333 1855 532 1922 observetur
559 1855 751 1922 decretalis.
776 1894 820 1906 -
849 1855 1009 1922 Ceterum
1039 1855 1111 1920 baec
1141 1878 1209 1920 non
1242 1863 1294 1922 est
1324 1855 1457 1943 proprie

331 1971 479 2056 exceptio
510 1969 577 2056 legi
611 1968 652 2034 de
683 1968 857 2056 requisitis
890 1968 1113 2050 dimissoriis;
1147 1992 1227 2036 nam
1257 1968 1456 2035 dimissoriae

330 2085 479 2174 episcopi
499 2082 703 2172 supplentur
723 2105 783 2170 per
808 2082 1019 2148 dimissorias
1043 2083 1221 2171 generales
1245 2084 1289 2148 R.
1316 2083 1456 2150 Pontili-

330 2199 378 2268 eis
397 2198 434 2266 in
451 2197 613 2288 praedicta
632 2196 795 2266 decretali
815 2200 1025 2264 contentas¹.

374 2410 442 2484 63.
468 2450 513 2462 -
540 2411 686 2482 Forma
715 2429 795 2498 qua
824 2409 914 2478 dari
942 2408 1114 2480 debeant
1143 2409 1287 2479 litteras
1319 2409 1456 2480 dimis-

329 2525 459 2596 soris.

374 2643 408 2704 to
439 2641 580 2707 Certum
606 2647 675 2720 est,
704 2643 784 2706 ante
813 2637 944 2719 omnia,
973 2660 1043 2702 non
1069 2637 1223 2703 sufficere
1252 2661 1454 2704 eonsensum

328 2754 478 2844 episcopi
507 2753 635 2844 proprii
664 2760 916 2838 presumptum
946 2757 1005 2816 aut
1042 2752 1200 2834 tacitum,
1234 2750 1295 2816 sed
1330 2751 1455 2838 requiri

329 2891 538 2954 expressum.
559 2906 602 2916 -
623 2866 767 2932 Constat
786 2873 881 2930 conc.
903 2864 1009 2946 Trid„
1033 2864 1090 2930 cit'.
1113 2889 1186 2952 cup.
1209 2865 1256 2928 Et
1275 2866 1452 2952 quoniam,

330 2982 367 3064 2,
385 3005 469 3048 sess,
487 2981 579 3062 XIV,
597 2982 648 3046 Du
668 3001 754 3061 num,
772 3002 839 3066 quo
859 2977 1082 3067 prohibentur
1107 2979 1256 3066 episcopi
1281 2977 1451 3058 titulans,

330 3117 374 3160 ne
393 3093 547 3163 subditos
571 3095 701 3162 alienos
725 3093 884 3174 ordinent
905 3119 928 3184 «¹
943 3091 1071 3180 absque
1097 3093 1150 3156 sui
1173 3091 1302 3180 proprii
1324 3091 1454 3180 praelati

331 3231 485 3299 expresso
516 3231 695 3291 consensu,
725 3212 784 3272 aut
815 3206 939 3271 litteris
971 3205 1195 3286 dimissoriis3
1231 3233 1246 3264 n
1279 3206 1387 3286 unde,
1417 3211 1456 3270 ut

331 3322 496 3404 vidimus,
515 3323 738 3411 suspensione
752 3321 960 3410 plectuntur,
978 3319 1014 3384 in
1028 3319 1122 3384 bulla
1135 3319 1165 3383 A
1166 3321 1338 3404 postolicae
1353 3319 1453 3401 sedis,

332 3436 528 3505 ordinantes
546 3437 696 3503 alienum
711 3435 886 3500 subditum
897 3435 967 3498 sine
984 3434 1106 3498 litteris
1121 3433 1321 3498 dimissoriis
1336 3455 1349 3498 .·
1364 3432 1456 3521 quod

331 3550 535 3619 vocabulum
566 3550 695 3618 indicat
727 3571 932 3618 consensum
964 3569 1173 3634 repressum.
1204 3585 1247 3598 -
1282 3545 1456 3636 Quidquid

332 3687 412 3752 ergo
438 3663 621 3732 dicendum
646 3671 698 3732 est
723 3665 765 3729 de
791 3663 932 3750 antiqua
957 3661 1154 3750 disciplina,
1181 3683 1247 3750 qua
1271 3661 1368 3726 visus
1391 3659 1455 3724 fuit

332 3777 514 3867 aliquando
549 3777 703 3847 sufficere
732 3799 920 3844 consensus
948 3776 1098 3866 episcopi
1133 3774 1261 3864 proprii
1286 3795 1456 3860 praesum—

329 3894 450 3978 ptus¹,
470 3913 560 3959 nunc
581 3915 648 3957 non
668 3891 815 3982 amplius
835 3890 972 3958 sufficit.

365 4047 373 4081 ¹
392 4045 543 4110 Dispositio
563 4059 622 4107 cap.
641 4045 695 4094 Eos
714 4045 764 4110 qui
782 4045 891 4093 extendi
910 4045 1005 4108 nequit
1024 4045 1057 4093 ad
1077 4043 1142 4093 alias
1162 4043 1367 4107 suspensiones,
1387 4057 1455 4106 quus

332 4126 403 4176 torto
417 4124 562 4174 incurrerit
580 4123 739 4187 episcopus,
755 4123 802 4171 sed
822 4123 948 4186 restringi
962 4123 1046 4172 debet
1058 4124 1092 4172 sd
1107 4123 1251 4185 specialem
1266 4135 1358 4171 casum
1373 4135 1453 4184 quern

332 4203 533 4267 contemplatur
546 4202 684 4265 legislator
696 4201 724 4248 in
739 4201 791 4249 hoc
805 4202 907 4264 capite3
925 4215 986 4249 nam
1001 4201 1063 4250 odia
1077 4200 1271 4264 restringenda.

364 4283 375 4318 ²
393 4283 503 4341 Utiliter,
520 4281 569 4330 loc.
586 4278 641 4336 cit,
657 4281 708 4328 art.
724 4284 761 4338 10,
777 4295 803 4329 n.
818 4285 845 4338 1,
861 4279 912 4328 col.
927 4284 996 4327 10³5.
