3300 5056
302 445 355 500 2¹8
570 450 613 502 DE
633 451 771 504 LEGIBUS
791 451 905 502 SACRAE
924 451 1161 502 onolnsrlonls

304 591 537 681 obtemperare
556 594 693 660 illorum
718 595 856 661 monitis
880 595 1008 678 renuit,
1030 617 1132 660 eausa
1149 593 1354 661 humilitatis
1371 593 1427 658 vel

303 706 425 772 timore
451 709 696 795 periculorum;
723 731 786 776 neo
812 711 915 775 etiam
940 710 1133 797 cogendum
1157 708 1293 774 censuit
1314 707 1427 773 diaco-

304 842 386 885 num
412 821 456 886 ad
481 823 735 912 suscipiendum
760 823 1017 913 presbyteratus
1041 823 1194 889 ordinem
1204 828 1226 889 ¹.
1257 861 1302 872 -
1329 821 1426 888 Unde

304 935 443 1000 tandem
462 937 643 1004 dicendum
666 947 719 1004 est
741 961 820 1004 oum
838 939 874 1006 S.
896 939 1078 1026 Gregorio,
1100 937 1269 1002 scribente
1292 937 1336 1002 ad
1359 935 1427 1024 epi·

304 1071 444 1138 scopum
475 1051 742 1121 Salonitanum:
778 1081 796 1116 ι(
821 1055 959 1121 lustum
991 1061 1044 1118 est
1075 1060 1114 1118 ut
1145 1074 1246 1118 nemo
1278 1073 1427 1116 erescere

305 1163 528 1252 compellatur
546 1166 674 1233 invitus
684 1171 707 1234 ⁸.
731 1197 746 1230 η

350 1277 384 1342 2⁰
407 1279 500 1343 Licet
524 1281 638 1374 divina
664 1284 790 1348 vocatio
815 1284 856 1348 de
880 1307 915 1348 ee
941 1305 1008 1348 non
1033 1282 1161 1369 obliget
1185 1281 1250 1346 sub
1272 1287 1425 1366 peccato,

305 1401 455 1458 attamen
474 1395 570 1460 valde
582 1398 726 1462 suadent
739 1399 888 1463 ebaritas
902 1407 935 1462 et
947 1399 1134 1484 prudentia
1154 1403 1193 1461 ut
1211 1395 1280 1460 Deo
1299 1394 1429 1458 vocanti

306 1515 442 1574 vocatus
455 1509 674 1596 obtemperet.
690 1549 734 1562 —
749 1511 848 1592 Quod
862 1513 997 1600 egregie
1011 1511 1247 1576 demonstrant
1261 1508 1296 1574 S.
1312 1509 1429 1594 Augu-

307 1621 434 1705 stinus,
454 1621 492 1694 S.
513 1623 698 1712 Gregorius
717 1627 880 1714 Magnus,
898 1634 932 1692 et
950 1628 987 1694 S.
1005 1625 1237 1692 Athanasius:
1255 1627 1287 1692 l.
1302 1623 1338 1690 S.
1356 1623 1428 1686 Au-

307 1737 481 1822 gustinus,
503 1738 538 1803 in
563 1740 661 1829 epist.
689 1741 732 1806 ad
756 1741 963 1823 Eudoxium,
986 1738 1143 1807 abbatem
1168 1737 1426 1814 monachorum,

307 1849 418 1918 dixit:
441 1853 516 1920 «Si
540 1877 642 1943 quam
661 1879 798 1944 operam
816 1863 966 1922 vestram
991 1861 1101 1920 mater
1124 1853 1275 1919 Ecclesia
1299 1849 1428 1917 deside-

309 1967 448 2050 raverit,
483 1991 546 2034 nee
584 1970 730 2036 elatione
763 1971 862 2036 avida
895 1969 1104 2058 suscipiatis,
1140 1991 1202 2033 nee
1235 1965 1429 2032 blandiente

309 2077 437 2144 desidia
456 2084 640 2170 respuatis,
662 2084 723 2150 sed
741 2085 815 2168 miti
835 2086 936 2150 corde
954 2083 1197 2170 obtemperetis
1222 2081 1334 2146 Deo...
1360 2079 1429 2144 Neo

309 2201 461 2258 vestrum
479 2196 587 2261 otium
602 2199 862 2265 necessitatibus
877 2199 1036 2264 Ecclesiae
1049 2195 1270 2285 praeponatis,
1287 2195 1341 2259 oui
1356 2215 1429 2281 par-

309 2307 448 2374 turienti
471 2311 500 2376 si
524 2314 610 2378 nulli
634 2313 715 2379 boni
738 2315 930 2380 ministrare
954 2313 1100 2395 vellent,
1122 2311 1291 2402 quomodo
1314 2331 1433 2374 nasce-

309 2423 446 2506 remini,
463 2449 532 2491 non
551 2427 788 2511 inveniretis³;
813 2455 829 2490 »
850 2467 895 2478 -
913 2429 946 2494 2.
968 2428 1099 2494 Pariter
1118 2427 1152 2493 S.
1175 2425 1376 2512 Gregorius,
1398 2422 1432 2486 in

310 2537 409 2624 epist.
444 2540 487 2605 ad
518 2540 715 2629 Cymaeum,
750 2544 948 2632 episcopum
981 2540 1395 2629 Constantinopolitanum
1423 2555 1430 2600 :

312 2678 327 2710 κ
359 2653 494 2721 Paston'
520 2657 679 2723 Ecclesiae
704 2659 828 2724 dicitur
854 2678 862 2725 :
894 2659 1013 2723 Simon
1044 2657 1202 2737 loannis,
1230 2675 1325 2718 amas
1356 2651 1434 2714 me?

310 2767 411 2832 Pasce
435 2793 508 2835 oves
532 2795 632 2838 meas.
660 2773 711 2838 Ex
734 2772 858 2860 quibus
879 2771 993 2837 verbis
1017 2769 1188 2857 colligitur
1213 2767 1308 2856 quia,
1331 2765 1359 2829 si
1385 2764 1430 2842 is,

309 2885 367 2970 qui
386 2885 497 2968 valet,
518 2887 761 2976 omnipotentis
786 2887 848 2952 Dei
867 2908 950 2951 oves
968 2885 1081 2950 renuit
1105 2905 1260 2971 pascere,
1284 2877 1432 2946 ostendit

311 3021 347 3061 se
370 3007 541 3086 pastorem
565 3025 736 3066 summum
765 3001 903 3066 minime
932 3023 1056 3064 amare.
1088 2998 1124 3064 Si
1152 2997 1244 3062 enim
1267 2992 1431 3080 Unigeni-

311 3118 366 3176 tus
393 3115 519 3197 Patris,
552 3139 613 3203 pro
646 3116 813 3205 explenda
845 3113 993 3180 utilitate
1024 3113 1196 3194 omnium,
1230 3108 1272 3174 de
1305 3115 1433 3173 secreto

313 3229 423 3296 Patris
455 3257 612 3319 egressus
653 3240 706 3299 est
743 3233 786 3298 ad
822 3232 1000 3321 publicum
1038 3237 1211 3310 nostrum,
1252 3249 1317 3290 nos
1353 3222 1434 3313 quid

312 3343 435 3410 dicturi
459 3370 592 3430 sumus,
619 3349 648 3412 si
673 3354 841 3412 secretum
864 3353 1019 3410 nostrurn
1042 3341 1271 3432 praeponimus
1294 3337 1434 3405 utilitati

312 3461 568 3546 proximorum?
593 3463 696 3542 Quies
722 3461 836 3550 itaque
862 3459 961 3552 nobis
989 3466 1024 3524 et
1051 3481 1094 3523 ex
1119 3456 1220 3522 corde
1246 3451 1434 3543 appetenda

313 3582 380 3657 est,
403 3583 437 3640 et
456 3583 569 3641 tamen
589 3599 650 3665 pro
669 3576 854 3642 multorum
873 3575 966 3640 lucro
986 3571 1168 3661 aliquando
1187 3566 1432 3658 postponenda.

313 3689 416 3770 Nam,
438 3691 526 3756 siout
548 3698 622 3756 toto
645 3691 812 3756 desiderio
836 3689 1000 3755 debemus
1020 3685 1279 3774 occupationem
1303 3681 1433 3768 lugere,

345 3886 354 3918 ¹
373 3886 423 3936 llee
437 3887 629 3950 responsiones
642 3889 743 3952 passim
755 3887 983 3936 circumferuntur
997 3883 1069 3948 apud
1084 3884 1220 3938 auctores,
1233 3895 1258 3928 v.
1270 3895 1306 3941 5.,
1320 3876 1436 3934 Sensim,

318 3963 465 4030 Tbcologia
480 3966 605 4025 moralia,
622 3969 701 4016 tract.
717 3965 764 4024 xl,
780 3967 807 4014 in
822 3966 883 4022 fine,
900 3967 956 4012 not.
971 3963 1000 4022 1²,
1016 3979 1042 4011 n.
1059 3964 1117 4018 lot,
1134 3958 1257 4016 Parisiis,
1274 3961 1348 4015 1⁸6³,
1364 3959 1385 4004 t.
1401 3969 1436 4010 iv,

315 4059 341 4106 p.
353 4047 412 4105 ⁴7⁵3
425 4071 457 4081 -
470 4043 560 4104 Icaro,
576 4044 768 4094 Praelectionea
778 4043 856 4108 juris
870 4057 939 4100 can„
956 4057 982 4090 n.
994 4047 1048 4100 319,
1064 4039 1189 4096 Parisiis,
1204 4041 1274 4094 18⁹³,
1287 4039 1308 4084 t.
1319 4049 1347 4093 ιι,
1360 4049 1387 4097 p.
1398 4037 1435 4080 ²1.

345 4122 470 4186 ²Epist,
489 4123 538 4174 lib.
553 4123 579 4182 1,
594 4125 675 4186 epist.
690 4137 747 4184 xrx;
768 4123 872 4187 Migne,
892 4121 922 4170 P.
940 4121 979 4178 L„
1000 4123 1022 4169 t.
1039 4133 1139 4177 mvn,
1159 4115 1212 4166 col.
1229 4111 1436 4169 tannecum

315 4201 491 4252 Benedictum
506 4201 579 4262 XIV,
596 4201 633 4250 De
644 4201 763 4267 synodo,
779 4202 828 4252 lib.
842 4199 905 4258 Xll‚
923 4215 947 4248 c.
964 4214 999 4258 iv,
1016 4213 1042 4246 n.
1056 4203 1078 4244 3.

346 4279 358 4315 ³
375 4279 461 4342 Epist.
476 4296 569 4342 saviis,
585 4297 612 4330 n.
627 4287 656 4342 ²3
671 4281 775 4342 Migne,
791 4281 822 4328 P.
835 4281 874 4338 L„
890 4281 910 4328 t.
926 4291 1019 4336 xxxin,
1036 4275 1087 4324 col.
1103 4278 1158 4323 leo.
