3246 5052
372 489 423 542 532
710 491 752 540 DE
768 489 898 540 alcinus
917 489 1156 540 ORDINATIONIS

371 645 427 700 tur
445 635 582 698 collecta
603 633 759 722 specialis
784 657 844 720 pro
864 632 1078 712 ordinandis,
1101 633 1245 720 epistola
1265 633 1446 719 specialis,
1468 640 1493 696 et

371 751 469 827 item,
496 749 629 826 statim,
652 747 869 833 evangelium
894 746 1038 834 speciale
1055 751 1075 811 ¹.
1104 746 1269 812 Pradicta
1294 755 1414 811 autem
1435 747 1495 810 col-

370 863 457 928 lecta
478 861 636 948 specialis
656 867 708 926 est
728 861 835 926 oratio
856 860 1074 945 Omnipotens
1094 861 1195 942 Deus,
1216 863 1375 924 omnium
1397 863 1495 924 liono-

373 1000 451 1042 rum
471 978 581 1042 dator.

416 1093 450 1156 3⁰
469 1089 665 1178 Sequuntur
680 1090 912 1176 juramentum
932 1088 973 1153 de.
994 1089 1086 1174 regia
1110 1090 1349 1173 supremitate,
1374 1090 1496 1152 allocu-

371 1206 418 1268 tio
448 1204 597 1292 episcopi
626 1203 669 1266 ad
703 1201 909 1266 ordinandos
950 1203 992 1266 de
1027 1225 1145 1266 eorum
1178 1201 1315 1282 officiis,
1355 1225 1494 1267 examen

371 1317 653 1397 ordinandoru1n3
677 1324 755 1405 post
782 1317 864 1392 haec,
890 1317 1012 1382 saltem
1036 1316 1079 1381 ab
1099 1339 1188 1381 anno
1214 1317 1315 1387 1662,
1341 1325 1495 1382 cantatur

372 1433 521 1520 hymnus
548 1431 629 1494 Veni
655 1431 807 1511 Creator,
830 1431 905 1517 qui,
928 1437 1045 1511 antea,
1067 1429 1267 1495 cantabatur
1291 1439 1373 1517 post
1398 1453 1494 1495 evan-

371 1547 510 1632 gelium

417 1662 449 1723 4⁰
476 1659 563 1724 Dein
584 1659 763 1748 episcopus
790 1659 909 1724 recitat
929 1659 1116 1723 orationem
1145 1659 1367 1743 Omnipotens
1392 1659 1491 1722 Deua.

371 1775 475 1839 Pater
493 1775 646 1856 caelestis,
665 1782 744 1854 etc,
764 1774 798 1837 in
818 1797 885 1860 qua
905 1773 972 1837 duo
990 1773 1069 1837 tacit
1087 1793 1094 1838 :
1115 1773 1144 1836 i.
1163 1772 1248 1858 Agit
1263 1773 1334 1836 Deo
1352 1773 1490 1860 gratias.

371 1911 432 1975 pro
456 1887 625 1952 universis
649 1887 722 1974 ejus
746 1885 935 1956 beneficiis.
963 1893 997 1950 et
1020 1909 1081 1972 pro
1106 1885 1373 1950 ordinandorum
1401 1910 1493 1949 voea-

371 2002 479 2080 tione3
501 2039 546 2052 —
565 2001 597 2068 2.
621 2001 730 2064 Deum
751 2008 840 2077 orat,
864 2007 937 2064 tum
957 2007 995 2064 ut
1015 2000 1142 2065 tribuat
1161 1998 1320 2063 omnibus
1341 1999 1493 2064 fidelihus

371 2117 458 2203 grati
478 2115 582 2180 animi
602 2138 740 2180 sensum
756 2138 816 2202 pro
837 2115 956 2178 iisdem
982 2113 1171 2200 beneticiiS,
1191 2121 1225 2178 et
1248 2113 1441 2200 protectum
1463 2115 1491 2176 in

371 2229 571 2312 virtutibus,
599 2237 671 2294 turn
702 2237 741 2293 ut
767 2252 826 2316 per
855 2228 1061 2292 ordinandos
1088 2235 1120 2292 et
1150 2251 1207 2292 eos
1236 2226 1363 2315 quibus
1389 2229 1491 2317 pradi-

372 2345 482 2410 eiendi
501 2352 601 2409 erunt
625 2343 732 2430 gloria
757 2343 894 2406 Domini
919 2343 1066 2429 amplius
1091 2343 1125 2406 in
1150 2343 1222 2406 dies
1242 2353 1489 2429 promoveatur.

417 2462 450 2524 5⁰
472 2487 486 2518 ι(
511 2460 582 2522 Hac
602 2458 754 2522 oratione
775 2457 940 2545 perfecta,
964 2457 1160 2544 episcopm,
1183 2479 1260 2520 cum
1287 2457 1491 2543 preshyteris

372 2575 430 2662 qui
450 2579 635 2661 praesentes
655 2580 750 2647 sunt,
775 2593 897 2635 manus
916 2571 1069 2658 imponat
1089 2594 1190 2658 super
1213 2571 1323 2658 capita
1343 2571 1492 2658 singulo·

372 2707 448 2749 rum
481 2681 762 2760 ordinandorum,
797 2679 1061 2768 suscipientibus
1092 2680 1266 2745 humiliter
1294 2681 1489 2768 genuflexis.

373 2799 530 2886 episcopo
550 2805 664 2862 autem
685 2796 840 2864 dicente:
868 2795 991 2880 Accipe
1015 2795 1183 2880 Spiritum
1209 2797 1390 2875 Sanctum,
1414 2817 1489 2882 quo-

374 2935 452 2976 rum
479 2913 647 2975 remiseris
670 2919 823 2995 peecata,
854 2911 1079 2974 remittuntur
1105 2911 1166 2990 eis,
1189 2918 1219 2972 et
1244 2931 1395 2994 quorum
1422 2910 1490 2974 reti-

374 3028 487 3090 nueris
508 3035 636 3088 retenta
656 3035 756 3096 sunt:
777 3033 845 3088 esto
861 3025 963 3088 etiam
984 3024 1095 3107 fidelis
1115 3024 1208 3087 verbi
1232 3023 1293 3087 Dei
1314 3034 1346 3087 et
1366 3034 1487 3088 saneto-

374 3164 451 3204 rum
477 3142 552 3225 ejus
575 3147 866 3203 sacramentorum
896 3139 1117 3222 dispensator.
1143 3137 1184 3200 In
1211 3139 1344 3201 noniiue
1371 3139 1488 3216 Patris.

374 3265 404 3317 et
424 3255 517 3334 Filii,
536 3263 567 3316 et
585 3255 736 3337 Spiritus
756 3253 881 3316 Sancti.
905 3253 1028 3316 Amen.
1055 3281 1069 3309 ιι
1092 3289 1134 3299 -
1155 3252 1256 3314 Αιιιιο
1276 3259 1391 3315 autern
1415 3251 1489 3317 1662

373 3377 451 3455 post
470 3367 574 3431 verba
594 3368 717 3451 Accipe
736 3367 906 3451 Spiritum
932 3367 1112 3445 Sanctum,
1135 3365 1261 3430 inserta
1287 3374 1369 3430 sunt
1395 3367 1487 3430 herc:

375 3511 390 3544 ιι
413 3484 454 3546 In
475 3483 628 3566 officium
645 3491 676 3544 et
696 3503 779 3566 opus
797 3481 978 3544 sacerdotis
999 3482 1030 3544 in
1053 3481 1202 3545 Ecclesia
1218 3479 1289 3562 Dei,
1308 3503 1375 3565 per
1395 3483 1490 3564 impo-

374 3599 528 3661 sitionem
570 3617 732 3659 marinum
784 3603 978 3658 nostrarum
1019 3596 1098 3680 jam
1149 3594 1210 3656 tibi
1256 3595 1490 3658 commissum:

375 3733 524 3797 quorum
546 3710 733 3790 remiseris,
756 3715 821 3773 ete.
847 3737 862 3768 ιι
925 3761 927 3766 .

420 3825 455 3890 60
483 3823 674 3910 Statimque
710 3847 724 3885 e
756 3823 934 3909 episeopus
967 3821 1148 3908 unicuique
1176 3843 1292 3885 eorum
1319 3821 1431 3886 tradat
1461 3821 1490 3882 in

375 3961 495 4003 manus
517 3936 641 4016 Biblia,
670 3937 785 4000 dicens
809 3955 815 4001 :
839 3937 962 4020 Accipe
973 3943 1173 4020 potestatem
1190 3935 1401 4020 praedicandi
1427 3957 1488 3997 oer-

407 4151 415 4182 ¹
434 4147 475 4197 lte
490 4163 521 4195 cx
539 4147 664 4196 Ordinati
683 4162 726 4195 an.
745 4146 1090 4205 lsoe;nan1‚antea,11aec
1110 4145 1212 4200 omnia,
1231 4159 1247 4192 a
1266 4145 1399 4208 principio
1418 4145 1491 4205 hnjus
1567 4167 1568 4184 ι

375 4227 554 4276 ordinationis
569 4240 654 4288 usque
669 4227 702 4272 ad
717 4225 899 4286 evangelium,
917 4225 996 4286 paulo
1012 4224 1090 4272 aliter
1104 4223 1227 4272 ondinata
1242 4225 1332 4282 crant;
1347 4223 1382 4271 ct.
1393 4226 1489 4270 textum

376 4306 525 4353 editionum
539 4319 581 4352 sn.
591 4309 659 4356 1550.
671 4307 739 4354 1552,
753 4308 820 4358 1559.
834 4303 904 4365 apud
917 4303 1004 4351 Reeue
1019 4300 1250 4364 anyto-romaico,
1267 4305 1287 4350 t.
1300 4317 1336 4357 ιιι,
1347 4317 1373 4363 p.
1384 4303 1489 4346 tus-tlt.
1567 4295 1568 4324 ³
