3238 5052
364 395 415 447 i'rti
702 397 745 446 ut:
765 396 894 446 RlithS
914 397 1150 447 ORDtNA'ttthtS

366 539 457 600 Ritus
483 547 587 598 autem
616 546 752 597 tonsurae
779 538 829 597 hic
855 545 928 598 est:
955 539 1154 600 ttrdiuandus
1183 540 1213 598 in
1245 547 1331 598 veste
1363 539 1476 618 propria

365 647 493 724 tnempe
518 645 566 704 vet
592 645 733 704 saculari
759 643 807 702 vel
832 644 1027 724 monachali)
1049 646 1179 704 offertur
1202 644 1358 726 pontifici,
1384 665 1402 702 a
1424 662 1478 721 quo

366 777 378 802 α
404 758 451 808 ter
472 751 504 808 in
525 751 625 830 eapite
641 750 793 828 signatur,
817 757 847 808 et
870 750 901 808 in
924 751 1025 810 crucis
1047 751 1176 809 sormam
1201 749 1348 808 tondetur
1372 747 1478 808 aben.

365 855 486 914 dicente
512 873 518 914 :
545 853 580 914 In
608 854 733 914 nomine
757 855 880 926 Patris,
905 863 934 914 et
958 854 1050 930 Filii,
1077 863 1107 916 et
1131 853 1270 936 Spiritus
1295 853 1425 920 Sancti:
1448 851 1479 910 ad

367 959 612 1040 uniuscujusque
635 981 776 1039 personae
799 961 1030 1020 invocationem
1052 960 1248 1020 adstantibus
1269 957 1482 1018 succlamanti-

366 1065 423 1122 bns
437 1065 548 1124 ,taren
566 1064 638 1123 ¹ttox
652 1086 690 1124 ex
707 1065 828 1140 integro
844 1066 874 1124 in
891 1065 993 1144 clerici
1010 1065 1138 1124 sormam
1155 1065 1313 1144 abaliquo
1327 1063 1481 1123 tondetur.

365 1173 468 1251 Atque
498 1170 540 1228 ita
569 1191 677 1229 rursus
703 1171 841 1250 pontifici
873 1171 1018 1242 otientur,
1045 1173 1097 1251 qui
1129 1169 1231 1230 tunica
1261 1177 1389 1250 accepta
1419 1189 1482 1226 eum

365 1276 465 1334 induit
484 1275 532 1334 η’.

405 1385 436 1439 :³⁰
450 1381 542 1440 Ritus
557 1389 661 1440 autem
679 1381 822 1460 proprius
837 1381 1043 1440 ordinationis
1059 1380 1182 1440 lectoris
1197 1381 1246 1440 hic
1260 1389 1326 1438 est:
1344 1379 1483 1438 Pontifex

366 1485 572 1544 ordinandum
589 1493 636 1544 ter
651 1487 753 1564 signat
768 1487 799 1544 in
814 1487 927 1566 capite,
945 1507 1117 1567 manusque
1134 1487 1177 1544 illi
1192 1486 1342 1566 imponit,
1358 1485 1481 1543 dicens:

368 1613 379 1636 κ
398 1583 530 1642 Domine
548 1585 631 1642 lteus
647 1585 857 1664 omnipotens,
873 1584 964 1664 elige,
981 1579 1067 1644 etc...
1086 1611 1099 1638 υ
1117 1584 1237 1644 Deinde
1252 1583 1352 1642 codex
1367 1590 1484 1663 aposto·
1564 1562 1566 1642 i

366 1688 442 1746 licus
457 1688 553 1761 (liber
567 1689 785 1768 epistolarum)
800 1689 909 1748 lectori
927 1689 1092 1749 traditur².
1113 1689 1200 1748 Unde
1217 1689 1294 1748 ritus
1309 1687 1484 1768 complecti-

366 1801 416 1852 tur
431 1811 437 1852 :
460 1798 483 1852 t.
506 1793 633 1852 Trinam
651 1793 755 1852 cruris
770 1793 983 1875 sipnntionem
998 1803 1030 1854 et
1044 1816 1157 1854 neonus
1172 1793 1403 1876 impositionem
1419 1813 1482 1850 cuni

364 1898 497 1958 retatira
524 1898 684 1966 oratione:
707 1935 744 1944 -
770 1905 798 1959 2).
829 1899 1045 1960 Proditionem
1070 1899 1150 1960 libri
1175 1899 1399 1982 epistotarum,
1424 1899 1484 1956 sine
1569 1945 1570 1954 ,

365 2004 510 2064 t'ormula.
523 2039 562 2048 —
575 2005 687 2064 itanus
703 2005 862 2084 impositio
876 2015 1067 2066 memoratur
1079 2007 1143 2086 jam
1159 2007 1191 2065 in
1203 2003 1485 2066 Constitutionibns

365 2107 568 2188 apiostoticis³
583 2115 665 2188 (non
687 2117 789 2169 tamen
810 2111 842 2168 in
868 2111 1105 2186 Testamento⁴t
1125 2119 1155 2170 et
1174 2111 1319 2190 deinceps
1338 2111 1372 2169 in
1393 2109 1485 2170 omni-

368 2214 424 2272 bus
453 2215 654 2292 Euchologiis
682 2223 713 2274 et
741 2217 823 2295 apud
851 2217 1051 2276 Simeonem³
1081 2217 1269 2296 (Dionysius
1296 2215 1373 2274 nihil
1399 2214 1485 2274 babet

365 2319 404 2378 de
431 2319 591 2379 ordinibus
614 2321 792 2380 diaconatui
822 2323 1039 2394 interioribus,
1070 2323 1122 2403 qui
1154 2343 1213 2380 non
1244 2321 1426 2380 reseruntur
1451 2319 1484 2378 ad

366 2423 595 2500 hierarchiam,
627 2425 665 2484 de
696 2447 756 2506 qua
789 2427 956 2508 loquitur).
990 2428 1129 2487 Traditio
1165 2447 1239 2485 vero
1271 2425 1339 2484 libri
1378 2427 1487 2507 episto-

366 2531 464 2590 larum
493 2551 553 2588 non
580 2537 771 2591 memoratur
799 2533 829 2590 in
856 2531 1158 2603 tlonstitutionibur,
1181 2532 1260 2590 bene
1286 2552 1359 2591 vero
1382 2533 1413 2591 in
1439 2531 1487 2590 Te-

367 2643 529 2696 statuente.

406 2744 438 2798 3υ
453 2741 543 2800 Ritus
557 2751 659 2800 autem
673 2742 881 2802 ordinationis
895 2741 1043 2815 cantoris,
1059 2764 1112 2802 seu
1125 2741 1250 2823 psaltae,
1265 2743 1396 2802 omnino
1412 2741 1486 2800 idem

368 2855 429 2918 est,
452 2855 598 2906 constans
621 2868 731 2927 nempe
747 2849 924 2927 (praemissa
946 2857 1091 2922 tonsura)
1111 2847 1290 2930 sipriatione
1311 2858 1341 2908 et
1365 2847 1488 2929 imposi-

369 2951 451 3009 tione
481 2949 630 3010 man'uum
659 2960 689 3010 et
716 2952 849 3012 relatiua
879 2952 1020 3013 oratione
1045 2975 1116 3033 quae
1143 2961 1190 3012 est
1214 2953 1343 3012 omnino
1369 2953 1487 3013 eadem.

369 3056 475 3115 Solum
492 3055 658 3115 discrimen
678 3057 709 3116 in
727 3079 763 3118 eo
783 3067 830 3118 est
845 3059 928 3138 quod
949 3059 1067 3118 cantori
1089 3059 1240 3126 tradatur,
1258 3079 1318 3118 non
1336 3057 1417 3117 liber
1431 3057 1489 3137 epi-

369 3161 533 3232 stolarum,
551 3163 604 3220 scd
615 3162 808 3242 psalterium
818 3163 840 3225 ⁶.

415 3267 440 3322 t⁰
465 3267 643 3326 Notandum
669 3277 729 3342 cst,
753 3268 835 3349 apud
861 3267 1003 3341 Graecos,
1029 3269 1087 3328 hos
1111 3269 1191 3328 duos
1214 3268 1353 3341 ordines,
1383 3287 1490 3347 nempe

371 3369 495 3430 tectoria
514 3379 544 3430 et
563 3371 717 3448 cantoris,
735 3395 801 3432 esse
817 3374 941 3455 quidem
963 3374 1119 3444 diversos,
1137 3395 1200 3434 non
1217 3393 1290 3432 vero
1310 3373 1491 3432 subordina-

371 3481 434 3549 tos,
451 3476 504 3534 scd
520 3478 606 3556 quasi
627 3476 822 3537 collaterales
838 3487 868 3537 et
884 3477 1077 3560 parallelos,
1095 3480 1137 3538 ita
1159 3487 1193 3538 ut
1209 3479 1278 3559 quis
1298 3479 1398 3558 possit
1414 3477 1492 3538 ordi·

401 3719 407 3751 ¹
428 3719 640 3782 Euctiotopium,
658 3737 699 3769 an.
720 3727 787 3780 tuis,
803 3723 875 3785 apud
891 3723 973 3780 Goar,
990 3739 1016 3786 p.
1033 3730 1088 3772 233.

400 3797 411 3832 ²
429 3796 497 3844 Ibid.

402 3877 412 3910 ³
430 3877 487 3923 Lib.
504 3875 580 3929 VIII.
597 3895 619 3925 c.
636 3894 701 3938 xxn,
718 3880 770 3928 cot.
788 3885 853 3927 tiis.

401 3957 411 3986 ⁴
430 3955 487 4003 Lib.
506 3955 529 4014 l,
545 3971 568 4002 e.
585 3971 642 4010 xer,
656 3973 683 4020 p.
701 3963 757 4016 toti,
775 3960 828 4006 imo
843 3957 1005 4020 prohibetur
1019 3958 1158 4021 impositio
1173 3972 1300 4006 manuum
1317 3959 1343 4005 in
1360 3958 1410 4006 hac
1425 3957 1495 4005 ondi-

370 4036 487 4082 natione.

401 4115 411 4146 ³
429 4115 487 4161 Luc.
504 4112 685 4170 cit.,c.r.1.1x,
702 4115 753 4162 rot.
770 4121 824 4163 366.

400 4191 410 4223 ⁶
427 4191 477 4238 Cit.
496 4191 707 4252 tinctintopinm.
725 4193 806 4252 tiuar,
823 4209 848 4254 p.
864 4199 917 4241 ¹233.
