3290 5060
259 473 302 522 m:
320 471 507 522 cumulato
527 472 569 522 ET
587 471 746 523 LEGITIMO
765 470 1003 522 onnlnnuours
1022 470 1183 522 bllNlSTRO
1249 469 1285 522 85

159 614 244 681 infra
262 613 419 704 dicetur),
440 637 504 681 nec
522 615 686 681 nativitas
708 614 826 700 leqalie
844 635 904 702 per
922 613 1157 704 adoptionem,
1179 637 1285 702 quan-

159 729 283 795 tumvis
302 729 458 819 plenam3
478 767 522 780 -
542 730 575 796 3.
590 728 791 794 Attenditur
810 734 945 794 tantum
964 727 1126 794 nativitas
1146 737 1284 794 natura·

159 845 208 910 lie.
228 884 272 893 -
291 843 375 924 Quae
395 843 509 909 omnia
527 849 648 932 patent
667 866 710 908 ex
728 841 926 908 clarissimis
946 841 1138 908 Innocentii
1156 841 1281 908 verbis.

199 958 235 1022 2⁰
251 985 267 1019 a
284 958 480 1024 Dummodo
496 965 610 1022 tamen
629 957 677 1022 ibi
693 963 792 1022 natue
809 979 875 1021 noo
889 957 999 1043 suerit
1013 979 1055 1021 eo
1068 957 1232 1022 accidenti
1236 975 1252 1040 ,·
1267 984 1283 1017 »

156 1073 284 1154 idest,
313 1072 450 1160 quaudo
480 1071 690 1137 ordinandus
720 1077 823 1136 natus
854 1071 992 1160 quidem
1022 1077 1075 1137 est
1104 1071 1140 1134 in
1170 1070 1284 1159 aliqua

155 1187 310 1268 dioecesi,
337 1187 398 1252 sed
424 1209 467 1251 ee
491 1185 672 1269 accidenti,
699 1184 879 1274 episcopus
904 1185 1006 1274 hujus
1033 1185 1189 1250 dioecesis
1216 1207 1284 1251 nou

155 1309 205 1366 cst
238 1301 421 1390 episcopus
454 1299 615 1388 originis;
646 1299 705 1364 dat
733 1305 849 1364 autem
878 1299 1098 1365 Innocentius
1128 1299 1285 1388 exempla

155 1415 254 1504 hujus
277 1415 435 1501 fortuitae
458 1413 666 1496 nativitatis,
689 1436 810 1501 nempe
836 1413 865 1478 si
889 1413 967 1503 quis
986 1420 1147 1479 nascatur
1165 1413 1200 1478 in
1225 1414 1285 1478 ali·

154 1553 219 1618 qua
238 1529 382 1594 dioecesi
405 1528 584 1594 occasione
610 1529 741 1592 itineris
759 1533 958 1616 parentum,
974 1526 1031 1592 vel
1050 1528 1174 1613 officii,
1197 1527 1286 1613 laya-

155 1643 266 1728 tionis,
287 1650 499 1726 mercaturae,
517 1650 577 1708 aut
595 1643 738 1707 alterius
758 1641 955 1728 temporalia
975 1663 1076 1706 morae
1091 1648 1282 1730 parentum.

154 1757 298 1836 Quoties
317 1779 398 1843 ergo
412 1763 509 1844 pater
523 1755 560 1822 in
574 1755 689 1844 aliqua
701 1755 838 1821 dioecesi
857 1779 926 1820 non
945 1755 1048 1820 habet
1067 1755 1134 1820 nisi
1154 1777 1286 1819 moram

155 1871 395 1957 temporalem,
417 1869 524 1953 lilius,
546 1870 692 1936 durante
712 1870 774 1935 hac
798 1892 893 1935 mora
917 1875 1034 1950 natus,
1054 1893 1124 1934 non
1146 1869 1286 1935 sortitur

155 1985 354 2073 episcopum
388 1983 490 2071 hujus
521 1983 588 2049 loci
620 1989 784 2072 tanquam
821 1983 1019 2071 episcopum
1056 1983 1208 2069 originis.
1242 2022 1287 2032 -

155 2098 290 2164 Moram
323 2104 438 2164 autem
471 2119 547 2163 esse
576 2098 798 2184 temporalem
821 2097 995 2186 judicatur
1023 2120 1066 2162 ex
1098 2096 1284 2184 adjunctis,

155 2237 188 2280 v.
209 2237 260 2301 g.,
285 2211 317 2277 si
335 2218 457 2300 agatur
475 2212 517 2278 de
536 2213 663 2298 officio,
681 2234 724 2277 ex
743 2219 866 2276 natura
886 2213 993 2301 ipsius
1013 2211 1134 2293 officii;
1152 2212 1286 2277 sienim

155 2327 324 2409 officium,
357 2333 556 2413 susceptum
584 2349 604 2392 a
631 2332 745 2415 patre,
776 2326 822 2391 sit
851 2326 895 2391 ad
925 2332 1047 2392 nutum
1074 2326 1283 2406 revocabile,

153 2449 250 2531 pater
268 2463 343 2506 non
364 2439 468 2505 habet
490 2439 525 2504 in
546 2439 701 2523 dioecesi,
723 2440 759 2504 in
783 2463 850 2529 qua
873 2448 1009 2506 exercet
1030 2441 1095 2506 hoe
1119 2439 1283 2522 officium,

153 2555 219 2620 nisi
237 2577 374 2620 moram
396 2553 637 2642 temporalem,
659 2553 726 2620 nisi
749 2561 866 2619 tamen
890 2554 1062 2637 intendat,
1085 2555 1188 2620 etiam
1206 2554 1286 2620 reli-

153 2675 207 2736 cto
239 2668 372 2750 offici0‚
403 2690 577 2733 remanere
605 2667 641 2732 in
661 2668 780 2733 eadem
806 2667 955 2734 dioecesi.
984 2668 1023 2733 ln
1047 2668 1186 2751 Galliis,
1211 2667 1286 2758 plu-

153 2784 236 2848 rima
256 2789 342 2848 sunt
364 2781 475 2848 officia
498 2781 688 2864 saecularia,
710 2782 746 2846 in
765 2781 869 2847 variis
888 2781 1047 2849 civilibus
1069 2782 1285 2848 administra-

152 2895 308 2960 tionibus
342 2893 484 2984 (armde,
520 2896 776 2982 maqislralure,
806 2906 932 2982 poetes,
968 2899 1063 2988 ete),
1099 2921 1174 2987 quoe
1204 2905 1286 2964 sunt

151 3008 361 3074 revocabilia
380 3009 424 3074 ad
442 3014 565 3074 nutum
585 3029 593 3076 :
617 3032 693 3098 quae
714 3011 857 3099 proinde
876 3012 906 3076 si
924 3013 1001 3100 quis
1020 3019 1194 3095 exerceat,
1215 3035 1284 3078 nou

152 3121 373 3210 praesumitur
391 3120 514 3188 habere
534 3122 569 3187 in
589 3121 664 3190 loco
690 3123 757 3188 nisi
776 3147 906 3190 moram
924 3125 1160 3214 temporalem.

194 3237 231 3304 3⁰
246 3235 396 3328 Quando
414 3235 519 3323 igitur
538 3236 747 3304 ordinandus
765 3238 802 3304 in
821 3239 934 3328 aliqua
949 3240 1086 3306 dioecesi
1101 3247 1202 3305 natus
1218 3248 1282 3323 est,

151 3373 219 3416 non
238 3375 283 3416 ea
301 3351 478 3435 accidenti,
496 3349 557 3416 sed
577 3352 790 3438 normaliter,
808 3354 988 3443 episcopus
1007 3354 1109 3442 hujus
1128 3354 1285 3421 dioecesis

151 3473 203 3531 est
222 3466 408 3554 episcopus
432 3464 586 3552 originis.
609 3505 652 3518 —
671 3466 746 3532 Hoc
768 3475 884 3533 autem
907 3468 946 3532 fit
969 3469 1005 3533 in
1028 3469 1156 3558 duplici
1174 3489 1281 3538 casu:

153 3583 182 3646 l.
201 3579 351 3662 Quando
365 3587 464 3668 pater
482 3579 517 3644 in
536 3580 657 3645 eadem
676 3581 814 3647 dioecesi
833 3581 936 3647 habet
950 3583 1162 3648 domicilium
1168 3603 1184 3668 ,·
1202 3591 1284 3651 tunc

150 3695 243 3760 enim
262 3715 336 3760 non
359 3715 491 3760 moram
510 3694 734 3783 temporalem
754 3695 801 3761 ibi
819 3696 939 3778 trahit,
962 3697 1022 3762 sed
1046 3697 1205 3764 stabilem
1224 3723 1284 3767 seu

150 3816 374 3899 perpetuam
395 3845 441 3858 -·
459 3807 492 3874 2.
515 3808 658 3888 Quando
678 3817 788 3897 pater,
809 3833 878 3876 nou
903 3809 1032 3877 habens
1056 3812 1091 3877 in
1116 3813 1178 3878 hac
1202 3814 1285 3880 dioe-

150 3924 219 3988 cesi
248 3921 465 3986 domicilium
489 3921 625 4012 proprie
652 3923 798 4005 dietum,
830 3922 933 3990 habet
958 3931 1073 3991 tamen
1100 3927 1147 3991 ibi
1171 3929 1283 3994 sedem

149 4038 311 4103 stabilem
318 4053 334 4120 ,⁸
354 4035 564 4103 domicilium
583 4037 675 4102 enim
693 4038 828 4126 proprie
849 4038 977 4104 dictum
1001 4041 1163 4106 constitui
1182 4041 1283 4108 debet

152 4152 185 4218 in
199 4151 385 4240 parochia,
402 4149 459 4215 vel
478 4151 600 4216 saltem
619 4151 654 4216 in
674 4151 789 4241 aliqua
807 4154 952 4240 ciuitate,
969 4155 1017 4220 ita
1035 4163 1075 4221 ut
1093 4157 1170 4243 quis
1188 4157 1282 4224 habi·

152 4275 201 4333 tet
220 4269 258 4332 in
278 4265 344 4350 hac
366 4265 526 4355 parochia
544 4266 601 4332 vel
625 4267 763 4334 civitate
782 4291 860 4334 cum
884 4269 997 4336 animo
1016 4269 1142 4336 ibidem
1160 4295 1281 4362 perpe-
