<?xml version="1.0" encoding="UTF-8"?>
<!DOCTYPE html PUBLIC "-//W3C//DTD XHTML 1.0 Transitional//EN"
    "http://www.w3.org/TR/xhtml1/DTD/xhtml1-transitional.dtd">
<html xmlns="http://www.w3.org/1999/xhtml" xml:lang="en" lang="en">
 <head>
  <title>
</title>
<meta http-equiv="Content-Type" content="text/html;charset=utf-8" />
  <meta name='ocr-system' content='tesseract 3.04.00' />
  <meta name='ocr-capabilities' content='ocr_page ocr_carea ocr_par ocr_line ocrx_word'/>
</head>
<body>
  <div class='ocr_page' id='page_1' title='image "./praelectionesde00manygoog_0330.png"; bbox 0 0 3316 5052; ppageno 0'>
   <div class='ocr_carea' id='block_1_1' title="bbox 452 488 1345 548">
    <p class='ocr_par' dir='ltr' id='par_1_1' title="bbox 452 488 1345 548">
     <span class='ocr_line' id='line_1_1' title="bbox 452 488 1345 548; baseline 0 -10"><span class='ocrx_word' id='word_1_1' title='bbox 452 489 495 539; x_wconf 87' lang='lat' dir='ltr'>DE</span> <span class='ocrx_word' id='word_1_2' title='bbox 515 488 778 548; x_wconf 80' lang='lat' dir='ltr'>PRAEREQUlSlTlS</span> <span class='ocrx_word' id='word_1_3' title='bbox 798 491 841 538; x_wconf 80' lang='lat' dir='ltr'>AD</span> <span class='ocrx_word' id='word_1_4' title='bbox 861 489 1113 540; x_wconf 81' lang='lat' dir='ltr'><strong>ORDINATIONEM</strong></span> <span class='ocrx_word' id='word_1_5' title='bbox 1295 489 1345 540; x_wconf 77' lang='lat'>317</span> 
     </span>
    </p>
   </div>
   <div class='ocr_carea' id='block_1_2' title="bbox 222 629 1346 947">
    <p class='ocr_par' dir='ltr' id='par_1_2' title="bbox 222 629 1346 947">
     <span class='ocr_line' id='line_1_2' title="bbox 266 629 1345 718; baseline 0.001 -24"><span class='ocrx_word' id='word_1_6' title='bbox 266 631 297 694; x_wconf 84' lang='lat'>2.</span> <span class='ocrx_word' id='word_1_7' title='bbox 325 629 360 695; x_wconf 91' lang='lat' dir='ltr'>Si</span> <span class='ocrx_word' id='word_1_8' title='bbox 384 653 464 717; x_wconf 87' lang='lat' dir='ltr'>ergo</span> <span class='ocrx_word' id='word_1_9' title='bbox 488 629 737 695; x_wconf 76' lang='lat' dir='ltr'><strong>testimoniales</strong></span> <span class='ocrx_word' id='word_1_10' title='bbox 762 653 830 694; x_wconf 91' lang='lat' dir='ltr'>non</span> <span class='ocrx_word' id='word_1_11' title='bbox 855 632 1071 718; x_wconf 78' lang='lat' dir='ltr'>requirantur</span> <span class='ocrx_word' id='word_1_12' title='bbox 1094 634 1161 698; x_wconf 91' lang='lat' dir='ltr'>nisi</span> <span class='ocrx_word' id='word_1_13' title='bbox 1185 634 1219 698; x_wconf 85' lang='lat' dir='ltr'>vi</span> <span class='ocrx_word' id='word_1_14' title='bbox 1244 632 1345 697; x_wconf 67' lang='lat' dir='ltr'>bullar</span> 
     </span>
     <span class='ocr_line' id='line_1_3' title="bbox 222 745 1346 832; baseline 0.004 -24"><span class='ocrx_word' id='word_1_15' title='bbox 222 745 352 824; x_wconf 80' lang='lat' dir='ltr'>Pianae,</span> <span class='ocrx_word' id='word_1_16' title='bbox 374 767 496 831; x_wconf 88' lang='lat' dir='ltr'>nempe</span> <span class='ocrx_word' id='word_1_17' title='bbox 517 746 559 809; x_wconf 78' lang='lat' dir='ltr'>ol)</span> <span class='ocrx_word' id='word_1_18' title='bbox 579 747 878 810; x_wconf 77' lang='lat' dir='ltr'>commorationem</span> <span class='ocrx_word' id='word_1_19' title='bbox 900 755 1113 830; x_wconf 75' lang='lat' dir='ltr'>semestrem,</span> <span class='ocrx_word' id='word_1_20' title='bbox 1137 757 1196 812; x_wconf 84' lang='lat' dir='ltr'>aut</span> <span class='ocrx_word' id='word_1_21' title='bbox 1219 749 1346 832; x_wconf 70' lang='lat' dir='ltr'>longio-</span> 
     </span>
     <span class='ocr_line' id='line_1_4' title="bbox 222 859 1343 947; baseline 0.004 -25"><span class='ocrx_word' id='word_1_22' title='bbox 222 882 310 942; x_wconf 83' lang='lat' dir='ltr'>rem,</span> <span class='ocrx_word' id='word_1_23' title='bbox 335 861 369 923; x_wconf 85' lang='lat' dir='ltr'>in</span> <span class='ocrx_word' id='word_1_24' title='bbox 388 859 497 924; x_wconf 84' lang='lat' dir='ltr'>aliena</span> <span class='ocrx_word' id='word_1_25' title='bbox 517 860 663 939; x_wconf 80' lang='lat' dir='ltr'>dioeceai,</span> <span class='ocrx_word' id='word_1_26' title='bbox 685 859 826 937; x_wconf 82' lang='lat' dir='ltr'>sufficit,</span> <span class='ocrx_word' id='word_1_27' title='bbox 849 860 883 922; x_wconf 92' lang='lat' dir='ltr'>in</span> <span class='ocrx_word' id='word_1_28' title='bbox 903 860 1013 947; x_wconf 91' lang='lat' dir='ltr'>rigore</span> <span class='ocrx_word' id='word_1_29' title='bbox 1028 861 1132 947; x_wconf 90' lang='lat' dir='ltr'>juris,</span> <span class='ocrx_word' id='word_1_30' title='bbox 1150 863 1194 926; x_wconf 82' lang='lat' dir='ltr'>ad</span> <span class='ocrx_word' id='word_1_31' title='bbox 1212 863 1343 947; x_wconf 79' lang='lat' dir='ltr'>satissa-</span> 
     </span>
    </p>
   </div>
   <div class='ocr_carea' id='block_1_3' title="bbox 221 974 1478 1066">
    <p class='ocr_par' dir='ltr' id='par_1_3' title="bbox 221 974 1478 1066">
     <span class='ocr_line' id='line_1_5' title="bbox 221 974 1478 1066; baseline 0.002 -27"><span class='ocrx_word' id='word_1_32' title='bbox 221 975 378 1039; x_wconf 83' lang='lat' dir='ltr'>ciendum</span> <span class='ocrx_word' id='word_1_33' title='bbox 399 975 481 1058; x_wconf 75' lang='lat' dir='ltr'>legi,</span> <span class='ocrx_word' id='word_1_34' title='bbox 498 981 536 1038; x_wconf 92' lang='lat' dir='ltr'>ut</span> <span class='ocrx_word' id='word_1_35' title='bbox 555 980 724 1038; x_wconf 83' lang='lat' dir='ltr'>testentur</span> <span class='ocrx_word' id='word_1_36' title='bbox 740 974 965 1038; x_wconf 89' lang='lat' dir='ltr'>ordinandum</span> <span class='ocrx_word' id='word_1_37' title='bbox 985 975 1118 1039; x_wconf 92' lang='lat' dir='ltr'>nullum</span> <span class='ocrx_word' id='word_1_38' title='bbox 1139 977 1347 1041; x_wconf 84' lang='lat' dir='ltr'>contraxisse</span> <span class='ocrx_word' id='word_1_39' title='bbox 1421 1053 1428 1064; x_wconf 87' lang='lat'>.</span> <span class='ocrx_word' id='word_1_40' title='bbox 1475 1059 1478 1066; x_wconf 25' lang='grc' dir='ltr'><strong><em>Ι</em></strong></span> 
     </span>
    </p>
   </div>
   <div class='ocr_carea' id='block_1_4' title="bbox 222 1087 1351 1633">
    <p class='ocr_par' dir='ltr' id='par_1_4' title="bbox 222 1087 1351 1633">
     <span class='ocr_line' id='line_1_6' title="bbox 222 1087 1345 1177; baseline 0.002 -25"><span class='ocrx_word' id='word_1_41' title='bbox 222 1088 505 1176; x_wconf 84' lang='lat' dir='ltr'>impedimentum</span> <span class='ocrx_word' id='word_1_42' title='bbox 520 1088 721 1152; x_wconf 89' lang='lat' dir='ltr'>canonicum</span> <span class='ocrx_word' id='word_1_43' title='bbox 736 1087 779 1152; x_wconf 88' lang='lat' dir='ltr'>ad</span> <span class='ocrx_word' id='word_1_44' title='bbox 794 1087 1053 1153; x_wconf 84' lang='lat' dir='ltr'>ordinationem.</span> <span class='ocrx_word' id='word_1_45' title='bbox 1073 1089 1172 1154; x_wconf 88' lang='lat' dir='ltr'>Ratio</span> <span class='ocrx_word' id='word_1_46' title='bbox 1188 1097 1239 1154; x_wconf 87' lang='lat' dir='ltr'>est</span> <span class='ocrx_word' id='word_1_47' title='bbox 1254 1092 1345 1177; x_wconf 89' lang='lat' dir='ltr'>quia,</span> 
     </span>
     <span class='ocr_line' id='line_1_7' title="bbox 222 1201 1348 1292; baseline 0.002 -26"><span class='ocrx_word' id='word_1_48' title='bbox 222 1211 261 1269; x_wconf 93' lang='lat' dir='ltr'>ut</span> <span class='ocrx_word' id='word_1_49' title='bbox 280 1210 375 1290; x_wconf 89' lang='lat' dir='ltr'>patet</span> <span class='ocrx_word' id='word_1_50' title='bbox 394 1225 434 1266; x_wconf 90' lang='lat' dir='ltr'>ex</span> <span class='ocrx_word' id='word_1_51' title='bbox 455 1202 529 1289; x_wconf 91' lang='lat' dir='ltr'>ipso</span> <span class='ocrx_word' id='word_1_52' title='bbox 554 1208 649 1266; x_wconf 90' lang='lat' dir='ltr'>textu</span> <span class='ocrx_word' id='word_1_53' title='bbox 674 1201 760 1288; x_wconf 88' lang='lat' dir='ltr'>legis</span> <span class='ocrx_word' id='word_1_54' title='bbox 781 1203 910 1284; x_wconf 86' lang='lat' dir='ltr'>Piamr,</span> <span class='ocrx_word' id='word_1_55' title='bbox 937 1203 1131 1290; x_wconf 71' lang='lat' dir='ltr'>praecipuus</span> <span class='ocrx_word' id='word_1_56' title='bbox 1151 1203 1227 1268; x_wconf 87' lang='lat' dir='ltr'>finis</span> <span class='ocrx_word' id='word_1_57' title='bbox 1247 1228 1348 1292; x_wconf 90' lang='lat' dir='ltr'>quem</span> 
     </span>
     <span class='ocr_line' id='line_1_8' title="bbox 224 1315 1348 1404; baseline 0.001 -23"><span class='ocrx_word' id='word_1_58' title='bbox 224 1315 288 1381; x_wconf 90' lang='lat' dir='ltr'>sibi</span> <span class='ocrx_word' id='word_1_59' title='bbox 308 1317 486 1404; x_wconf 88' lang='lat' dir='ltr'>proposuit</span> <span class='ocrx_word' id='word_1_60' title='bbox 506 1315 587 1380; x_wconf 91' lang='lat' dir='ltr'>Pius</span> <span class='ocrx_word' id='word_1_61' title='bbox 608 1315 653 1379; x_wconf 94' lang='lat' dir='ltr'>IX</span> <span class='ocrx_word' id='word_1_62' title='bbox 674 1316 708 1379; x_wconf 96' lang='lat' dir='ltr'>in</span> <span class='ocrx_word' id='word_1_63' title='bbox 733 1316 795 1380; x_wconf 85' lang='lat' dir='ltr'>hac</span> <span class='ocrx_word' id='word_1_64' title='bbox 820 1315 912 1402; x_wconf 90' lang='lat' dir='ltr'>lege,</span> <span class='ocrx_word' id='word_1_65' title='bbox 935 1324 986 1381; x_wconf 92' lang='lat' dir='ltr'>est</span> <span class='ocrx_word' id='word_1_66' title='bbox 1007 1325 1045 1380; x_wconf 90' lang='lat' dir='ltr'>ut</span> <span class='ocrx_word' id='word_1_67' title='bbox 1064 1324 1197 1382; x_wconf 89' lang='lat' dir='ltr'>constet</span> <span class='ocrx_word' id='word_1_68' title='bbox 1220 1317 1261 1383; x_wconf 92' lang='lat' dir='ltr'>de</span> <span class='ocrx_word' id='word_1_69' title='bbox 1286 1319 1348 1382; x_wconf 94' lang='lat' dir='ltr'>im-</span> 
     </span>
     <span class='ocr_line' id='line_1_9' title="bbox 225 1428 1347 1517; baseline 0.002 -23"><span class='ocrx_word' id='word_1_70' title='bbox 225 1431 392 1494; x_wconf 88' lang='lat' dir='ltr'>munitate</span> <span class='ocrx_word' id='word_1_71' title='bbox 425 1429 603 1494; x_wconf 89' lang='lat' dir='ltr'>ordinandi</span> <span class='ocrx_word' id='word_1_72' title='bbox 636 1453 654 1493; x_wconf 89' lang='lat' dir='ltr'>a</span> <span class='ocrx_word' id='word_1_73' title='bbox 688 1428 840 1516; x_wconf 86' lang='lat' dir='ltr'>quolibet</span> <span class='ocrx_word' id='word_1_74' title='bbox 877 1431 1139 1517; x_wconf 78' lang='lat' dir='ltr'>impediment03</span> <span class='ocrx_word' id='word_1_75' title='bbox 1179 1438 1347 1512; x_wconf 88' lang='lat' dir='ltr'>ceterum,</span> 
     </span>
     <span class='ocr_line' id='line_1_10' title="bbox 225 1542 1351 1633; baseline 0 -23"><span class='ocrx_word' id='word_1_76' title='bbox 225 1545 414 1633; x_wconf 67' lang='lat' dir='ltr'>praesertim</span> <span class='ocrx_word' id='word_1_77' title='bbox 434 1545 463 1608; x_wconf 92' lang='lat' dir='ltr'>si</span> <span class='ocrx_word' id='word_1_78' title='bbox 478 1544 697 1608; x_wconf 79' lang='lat' dir='ltr'>commoratio</span> <span class='ocrx_word' id='word_1_79' title='bbox 723 1543 824 1608; x_wconf 88' lang='lat' dir='ltr'>fuerit</span> <span class='ocrx_word' id='word_1_80' title='bbox 848 1542 977 1624; x_wconf 90' lang='lat' dir='ltr'>brevis,</span> <span class='ocrx_word' id='word_1_81' title='bbox 1001 1545 1113 1610; x_wconf 88' lang='lat' dir='ltr'>autin</span> <span class='ocrx_word' id='word_1_82' title='bbox 1132 1552 1233 1610; x_wconf 84' lang='lat' dir='ltr'>aetate</span> <span class='ocrx_word' id='word_1_83' title='bbox 1253 1547 1351 1633; x_wconf 92' lang='lat' dir='ltr'>quin-</span> 
     </span>
    </p>
   </div>
   <div class='ocr_carea' id='block_1_5' title="bbox 226 1649 1351 2198">
    <p class='ocr_par' dir='ltr' id='par_1_5' title="bbox 226 1649 1351 2198">
     <span class='ocr_line' id='line_1_11' title="bbox 226 1649 1350 1740; baseline 0.001 -16"><span class='ocrx_word' id='word_1_84' title='bbox 226 1660 336 1724; x_wconf 89' lang='lat' dir='ltr'>decim</span> <span class='ocrx_word' id='word_1_85' title='bbox 356 1666 490 1724; x_wconf 89' lang='lat' dir='ltr'>tantum</span> <span class='ocrx_word' id='word_1_86' title='bbox 511 1665 569 1723; x_wconf 89' lang='lat' dir='ltr'>aut</span> <span class='ocrx_word' id='word_1_87' title='bbox 594 1659 765 1723; x_wconf 83' lang='lat' dir='ltr'>sexdecim</span> <span class='ocrx_word' id='word_1_88' title='bbox 791 1681 972 1740; x_wconf 90' lang='lat' dir='ltr'>annorum,</span> <span class='ocrx_word' id='word_1_89' title='bbox 996 1659 1064 1723; x_wconf 89' lang='lat' dir='ltr'>lere</span> <span class='ocrx_word' id='word_1_90' title='bbox 1084 1660 1132 1723; x_wconf 94' lang='lat' dir='ltr'>nil</span> <span class='ocrx_word' id='word_1_91' title='bbox 1152 1660 1245 1725; x_wconf 89' lang='lat' dir='ltr'>aliud</span> <span class='ocrx_word' id='word_1_92' title='bbox 1265 1649 1350 1726; x_wconf 88' lang='lat' dir='ltr'>scire</span> 
     </span>
     <span class='ocr_line' id='line_1_12' title="bbox 226 1771 1346 1862; baseline 0.001 -24"><span class='ocrx_word' id='word_1_93' title='bbox 226 1774 352 1862; x_wconf 89' lang='lat' dir='ltr'>poterit</span> <span class='ocrx_word' id='word_1_94' title='bbox 379 1773 574 1860; x_wconf 84' lang='lat' dir='ltr'>episcopus,</span> <span class='ocrx_word' id='word_1_95' title='bbox 603 1781 723 1859; x_wconf 75' lang='lat' dir='ltr'>praeter</span> <span class='ocrx_word' id='word_1_96' title='bbox 750 1773 1000 1837; x_wconf 88' lang='lat' dir='ltr'>immunitatem</span> <span class='ocrx_word' id='word_1_97' title='bbox 1027 1771 1068 1837; x_wconf 86' lang='lat' dir='ltr'>ab</span> <span class='ocrx_word' id='word_1_98' title='bbox 1093 1773 1346 1861; x_wconf 90' lang='lat' dir='ltr'>impedimento.</span> 
     </span>
     <span class='ocr_line' id='line_1_13' title="bbox 227 1886 1351 1966; baseline 0.001 -14"><span class='ocrx_word' id='word_1_99' title='bbox 227 1888 297 1953; x_wconf 90' lang='lat' dir='ltr'>Nec</span> <span class='ocrx_word' id='word_1_100' title='bbox 317 1888 410 1952; x_wconf 91' lang='lat' dir='ltr'>dicas</span> <span class='ocrx_word' id='word_1_101' title='bbox 430 1888 529 1952; x_wconf 92' lang='lat' dir='ltr'>Pium</span> <span class='ocrx_word' id='word_1_102' title='bbox 545 1887 607 1966; x_wconf 87' lang='lat' dir='ltr'>IX,</span> <span class='ocrx_word' id='word_1_103' title='bbox 626 1886 706 1951; x_wconf 94' lang='lat' dir='ltr'>dum</span> <span class='ocrx_word' id='word_1_104' title='bbox 722 1886 876 1952; x_wconf 88' lang='lat' dir='ltr'>adhibuit</span> <span class='ocrx_word' id='word_1_105' title='bbox 890 1886 1096 1952; x_wconf 82' lang='lat' dir='ltr'>vocabulum</span> <span class='ocrx_word' id='word_1_106' title='bbox 1117 1889 1246 1953; x_wconf 80' lang='lat' dir='ltr'>litteras</span> <span class='ocrx_word' id='word_1_107' title='bbox 1262 1892 1351 1953; x_wconf 82' lang='lat' dir='ltr'>testi-</span> 
     </span>
     <span class='ocr_line' id='line_1_14' title="bbox 229 2000 1351 2090; baseline 0.003 -25"><span class='ocrx_word' id='word_1_108' title='bbox 229 2002 405 2085; x_wconf 84' lang='lat' dir='ltr'>moniales,</span> <span class='ocrx_word' id='word_1_109' title='bbox 423 2002 510 2066; x_wconf 93' lang='lat' dir='ltr'>illud</span> <span class='ocrx_word' id='word_1_110' title='bbox 524 2001 734 2066; x_wconf 88' lang='lat' dir='ltr'>intellexisse</span> <span class='ocrx_word' id='word_1_111' title='bbox 755 2002 789 2064; x_wconf 92' lang='lat' dir='ltr'>in</span> <span class='ocrx_word' id='word_1_112' title='bbox 807 2024 910 2066; x_wconf 90' lang='lat' dir='ltr'>sensu</span> <span class='ocrx_word' id='word_1_113' title='bbox 926 2000 1116 2066; x_wconf 86' lang='lat' dir='ltr'>Innocentii</span> <span class='ocrx_word' id='word_1_114' title='bbox 1130 2000 1211 2082; x_wconf 85' lang='lat' dir='ltr'><strong>XII,</strong></span> <span class='ocrx_word' id='word_1_115' title='bbox 1229 2026 1351 2090; x_wconf 87' lang='lat' dir='ltr'>nempe</span> 
     </span>
     <span class='ocr_line' id='line_1_15' title="bbox 228 2091 1349 2198; baseline 0.001 -18"><span class='ocrx_word' id='word_1_116' title='bbox 228 2116 360 2181; x_wconf 86' lang='lat' dir='ltr'>litteras</span> <span class='ocrx_word' id='word_1_117' title='bbox 381 2115 626 2182; x_wconf 88' lang='lat' dir='ltr'>testimoniales</span> <span class='ocrx_word' id='word_1_118' title='bbox 646 2115 687 2180; x_wconf 90' lang='lat' dir='ltr'>de</span> <span class='ocrx_word' id='word_1_119' title='bbox 707 2091 894 2194; x_wconf 80' lang='lat' dir='ltr'>natatibus,</span> <span class='ocrx_word' id='word_1_120' title='bbox 916 2124 1029 2198; x_wconf 71' lang='lat' dir='ltr'>aetate,</span> <span class='ocrx_word' id='word_1_121' title='bbox 1048 2115 1200 2180; x_wconf 82' lang='lat' dir='ltr'>moribus</span> <span class='ocrx_word' id='word_1_122' title='bbox 1219 2125 1251 2180; x_wconf 82' lang='lat' dir='ltr'>et</span> <span class='ocrx_word' id='word_1_123' title='bbox 1270 2119 1349 2182; x_wconf 85' lang='lat' dir='ltr'>vita.</span> 
     </span>
    </p>
   </div>
   <div class='ocr_carea' id='block_1_6' title="bbox 229 2229 1359 4369">
    <p class='ocr_par' dir='ltr' id='par_1_6' title="bbox 229 2229 1359 4369">
     <span class='ocr_line' id='line_1_16' title="bbox 230 2229 1352 2317; baseline 0.001 -23"><span class='ocrx_word' id='word_1_124' title='bbox 230 2230 318 2294; x_wconf 87' lang='lat' dir='ltr'>Nam</span> <span class='ocrx_word' id='word_1_125' title='bbox 338 2231 402 2295; x_wconf 91' lang='lat' dir='ltr'>hoc</span> <span class='ocrx_word' id='word_1_126' title='bbox 425 2253 493 2294; x_wconf 94' lang='lat' dir='ltr'>non</span> <span class='ocrx_word' id='word_1_127' title='bbox 519 2237 668 2308; x_wconf 89' lang='lat' dir='ltr'>constat,</span> <span class='ocrx_word' id='word_1_128' title='bbox 692 2229 763 2294; x_wconf 91' lang='lat' dir='ltr'>sive</span> <span class='ocrx_word' id='word_1_129' title='bbox 788 2231 867 2316; x_wconf 88' lang='lat' dir='ltr'>quia</span> <span class='ocrx_word' id='word_1_130' title='bbox 893 2229 953 2294; x_wconf 87' lang='lat' dir='ltr'>has</span> <span class='ocrx_word' id='word_1_131' title='bbox 978 2231 1109 2295; x_wconf 83' lang='lat' dir='ltr'>litteras</span> <span class='ocrx_word' id='word_1_132' title='bbox 1133 2232 1294 2317; x_wconf 71' lang='lat' dir='ltr'>praecepit</span> <span class='ocrx_word' id='word_1_133' title='bbox 1318 2233 1352 2295; x_wconf 92' lang='lat' dir='ltr'>in</span> 
     </span>
     <span class='ocr_line' id='line_1_17' title="bbox 230 2343 1353 2431; baseline 0.001 -23"><span class='ocrx_word' id='word_1_134' title='bbox 230 2367 310 2408; x_wconf 90' lang='lat' dir='ltr'>casu</span> <span class='ocrx_word' id='word_1_135' title='bbox 334 2345 468 2408; x_wconf 89' lang='lat' dir='ltr'>diverso</span> <span class='ocrx_word' id='word_1_136' title='bbox 493 2367 512 2408; x_wconf 88' lang='lat' dir='ltr'>a</span> <span class='ocrx_word' id='word_1_137' title='bbox 536 2343 685 2424; x_wconf 88' lang='lat' dir='ltr'>casibus,</span> <span class='ocrx_word' id='word_1_138' title='bbox 713 2344 747 2408; x_wconf 93' lang='lat' dir='ltr'>in</span> <span class='ocrx_word' id='word_1_139' title='bbox 772 2343 895 2431; x_wconf 78' lang='lat' dir='ltr'>quibus</span> <span class='ocrx_word' id='word_1_140' title='bbox 922 2367 979 2408; x_wconf 87' lang='lat' dir='ltr'>eas</span> <span class='ocrx_word' id='word_1_141' title='bbox 1006 2345 1166 2431; x_wconf 69' lang='lat' dir='ltr'>pracepit</span> <span class='ocrx_word' id='word_1_142' title='bbox 1190 2345 1353 2410; x_wconf 88' lang='lat' dir='ltr'>Innocen-</span> 
     </span>
     <span class='ocr_line' id='line_1_18' title="bbox 229 2459 1354 2546; baseline 0.001 -24"><span class='ocrx_word' id='word_1_143' title='bbox 229 2459 313 2536; x_wconf 86' lang='lat' dir='ltr'>tius,</span> <span class='ocrx_word' id='word_1_144' title='bbox 337 2459 408 2524; x_wconf 87' lang='lat' dir='ltr'>sive</span> <span class='ocrx_word' id='word_1_145' title='bbox 429 2459 508 2546; x_wconf 90' lang='lat' dir='ltr'>quia</span> <span class='ocrx_word' id='word_1_146' title='bbox 528 2459 664 2546; x_wconf 87' lang='lat' dir='ltr'>quando</span> <span class='ocrx_word' id='word_1_147' title='bbox 686 2459 766 2522; x_wconf 89' lang='lat' dir='ltr'>Pius</span> <span class='ocrx_word' id='word_1_148' title='bbox 786 2459 832 2522; x_wconf 91' lang='lat' dir='ltr'>IX</span> <span class='ocrx_word' id='word_1_149' title='bbox 851 2459 962 2544; x_wconf 90' lang='lat' dir='ltr'>reipsa</span> <span class='ocrx_word' id='word_1_150' title='bbox 982 2459 1090 2522; x_wconf 83' lang='lat' dir='ltr'>voluit</span> <span class='ocrx_word' id='word_1_151' title='bbox 1110 2459 1172 2522; x_wconf 88' lang='lat' dir='ltr'>hoc</span> <span class='ocrx_word' id='word_1_152' title='bbox 1192 2465 1250 2523; x_wconf 87' lang='lat' dir='ltr'>aut</span> <span class='ocrx_word' id='word_1_153' title='bbox 1270 2459 1354 2523; x_wconf 91' lang='lat' dir='ltr'>illud</span> 
     </span>
     <span class='ocr_line' id='line_1_19' title="bbox 230 2570 1351 2660; baseline 0.002 -24"><span class='ocrx_word' id='word_1_154' title='bbox 230 2573 374 2659; x_wconf 84' lang='lat' dir='ltr'>exprimi</span> <span class='ocrx_word' id='word_1_155' title='bbox 393 2573 429 2637; x_wconf 92' lang='lat' dir='ltr'>in</span> <span class='ocrx_word' id='word_1_156' title='bbox 448 2573 571 2638; x_wconf 90' lang='lat' dir='ltr'>litteris</span> <span class='ocrx_word' id='word_1_157' title='bbox 590 2570 894 2653; x_wconf 76' lang='lat' dir='ltr'>testimonialibuS,</span> <span class='ocrx_word' id='word_1_158' title='bbox 918 2572 1002 2636; x_wconf 93' lang='lat' dir='ltr'>illud</span> <span class='ocrx_word' id='word_1_159' title='bbox 1022 2571 1148 2638; x_wconf 91' lang='lat' dir='ltr'>diserte</span> <span class='ocrx_word' id='word_1_160' title='bbox 1168 2575 1351 2660; x_wconf 86' lang='lat' dir='ltr'>expressit,</span> 
     </span>
     <span class='ocr_line' id='line_1_20' title="bbox 231 2685 1351 2772; baseline 0.001 -22"><span class='ocrx_word' id='word_1_161' title='bbox 231 2711 264 2751; x_wconf 87' lang='lat' dir='ltr'>v.</span> <span class='ocrx_word' id='word_1_162' title='bbox 293 2709 342 2772; x_wconf 90' lang='lat' dir='ltr'>g.,</span> <span class='ocrx_word' id='word_1_163' title='bbox 372 2687 406 2752; x_wconf 95' lang='lat' dir='ltr'>in</span> <span class='ocrx_word' id='word_1_164' title='bbox 433 2688 490 2752; x_wconf 90' lang='lat' dir='ltr'>cit.</span> <span class='ocrx_word' id='word_1_165' title='bbox 520 2687 655 2751; x_wconf 89' lang='lat' dir='ltr'>decreto</span> <span class='ocrx_word' id='word_1_166' title='bbox 685 2687 829 2750; x_wconf 85' lang='lat' dir='ltr'>Romani</span> <span class='ocrx_word' id='word_1_167' title='bbox 855 2687 1051 2769; x_wconf 76' lang='lat' dir='ltr'>Pontifices,</span> <span class='ocrx_word' id='word_1_168' title='bbox 1081 2685 1123 2752; x_wconf 82' lang='lat'>25</span> <span class='ocrx_word' id='word_1_169' title='bbox 1146 2686 1218 2772; x_wconf 86' lang='lat' dir='ltr'>jan.</span> <span class='ocrx_word' id='word_1_170' title='bbox 1249 2685 1351 2767; x_wconf 70' lang='lat'>1848,</span> 
     </span>
     <span class='ocr_line' id='line_1_21' title="bbox 231 2799 1352 2889; baseline 0.001 -25"><span class='ocrx_word' id='word_1_171' title='bbox 231 2824 298 2888; x_wconf 93' lang='lat' dir='ltr'>quo</span> <span class='ocrx_word' id='word_1_172' title='bbox 314 2801 466 2889; x_wconf 85' lang='lat' dir='ltr'>¹requirit</span> <span class='ocrx_word' id='word_1_173' title='bbox 488 2799 735 2866; x_wconf 84' lang='lat' dir='ltr'>testimoniales</span> <span class='ocrx_word' id='word_1_174' title='bbox 761 2800 804 2864; x_wconf 93' lang='lat' dir='ltr'>de</span> <span class='ocrx_word' id='word_1_175' title='bbox 830 2801 1018 2880; x_wconf 62' lang='lat' dir='ltr'>natalibu-r,</span> <span class='ocrx_word' id='word_1_176' title='bbox 1045 2808 1155 2882; x_wconf 81' lang='lat' dir='ltr'>aetate,</span> <span class='ocrx_word' id='word_1_177' title='bbox 1184 2801 1352 2883; x_wconf 77' lang='lat' dir='ltr'>moribus,</span> 
     </span>
     <span class='ocr_line' id='line_1_22' title="bbox 232 2914 1357 3002; baseline 0 -24"><span class='ocrx_word' id='word_1_178' title='bbox 232 2915 315 2998; x_wconf 83' lang='lat' dir='ltr'>vita,</span> <span class='ocrx_word' id='word_1_179' title='bbox 337 2920 450 3000; x_wconf 79' lang='lat' dir='ltr'>sama,</span> <span class='ocrx_word' id='word_1_180' title='bbox 473 2922 538 2979; x_wconf 83' lang='lat' dir='ltr'>etc¹</span> <span class='ocrx_word' id='word_1_181' title='bbox 562 2915 667 3002; x_wconf 87' lang='lat' dir='ltr'>Ergo,</span> <span class='ocrx_word' id='word_1_182' title='bbox 691 2915 725 2978; x_wconf 94' lang='lat' dir='ltr'>in</span> <span class='ocrx_word' id='word_1_183' title='bbox 745 2937 827 2978; x_wconf 91' lang='lat' dir='ltr'>casu</span> <span class='ocrx_word' id='word_1_184' title='bbox 846 2920 979 2994; x_wconf 91' lang='lat' dir='ltr'>nostro,</span> <span class='ocrx_word' id='word_1_185' title='bbox 998 2914 1140 2994; x_wconf 83' lang='lat' dir='ltr'>sufficit,</span> <span class='ocrx_word' id='word_1_186' title='bbox 1159 2915 1203 2978; x_wconf 85' lang='lat' dir='ltr'>ad</span> <span class='ocrx_word' id='word_1_187' title='bbox 1221 2917 1357 3000; x_wconf 77' lang='lat' dir='ltr'>satisfa-</span> 
     </span>
     <span class='ocr_line' id='line_1_23' title="bbox 232 3028 1356 3114; baseline 0.001 -22"><span class='ocrx_word' id='word_1_188' title='bbox 232 3030 388 3093; x_wconf 87' lang='lat' dir='ltr'>ciendum</span> <span class='ocrx_word' id='word_1_189' title='bbox 417 3029 498 3113; x_wconf 71' lang='lat' dir='ltr'>legi,</span> <span class='ocrx_word' id='word_1_190' title='bbox 526 3035 565 3093; x_wconf 92' lang='lat' dir='ltr'>ut</span> <span class='ocrx_word' id='word_1_191' title='bbox 591 3029 769 3114; x_wconf 89' lang='lat' dir='ltr'>episcopus</span> <span class='ocrx_word' id='word_1_192' title='bbox 796 3034 958 3110; x_wconf 86' lang='lat' dir='ltr'>testetur,</span> <span class='ocrx_word' id='word_1_193' title='bbox 988 3028 1022 3091; x_wconf 91' lang='lat' dir='ltr'>in</span> <span class='ocrx_word' id='word_1_194' title='bbox 1048 3028 1173 3093; x_wconf 90' lang='lat' dir='ltr'>litteris</span> <span class='ocrx_word' id='word_1_195' title='bbox 1200 3029 1356 3094; x_wconf 89' lang='lat' dir='ltr'>testimo-</span> 
     </span>
     <span class='ocr_line' id='line_1_24' title="bbox 232 3141 1354 3228; baseline 0.001 -22"><span class='ocrx_word' id='word_1_196' title='bbox 232 3141 397 3224; x_wconf 89' lang='lat' dir='ltr'>nialibus,</span> <span class='ocrx_word' id='word_1_197' title='bbox 420 3142 645 3207; x_wconf 90' lang='lat' dir='ltr'>ordinandum</span> <span class='ocrx_word' id='word_1_198' title='bbox 665 3141 798 3206; x_wconf 92' lang='lat' dir='ltr'>nullum</span> <span class='ocrx_word' id='word_1_199' title='bbox 823 3141 1032 3206; x_wconf 89' lang='lat' dir='ltr'>contraxisse</span> <span class='ocrx_word' id='word_1_200' title='bbox 1056 3142 1354 3228; x_wconf 85' lang='lat' dir='ltr'>impedimentum,</span> 
     </span>
     <span class='ocr_line' id='line_1_25' title="bbox 233 3255 1357 3344; baseline 0.001 -24"><span class='ocrx_word' id='word_1_201' title='bbox 233 3279 272 3321; x_wconf 90' lang='lat' dir='ltr'>eo</span> <span class='ocrx_word' id='word_1_202' title='bbox 292 3257 402 3343; x_wconf 91' lang='lat' dir='ltr'>magis</span> <span class='ocrx_word' id='word_1_203' title='bbox 421 3256 513 3344; x_wconf 90' lang='lat' dir='ltr'>quod</span> <span class='ocrx_word' id='word_1_204' title='bbox 531 3255 585 3320; x_wconf 88' lang='lat' dir='ltr'>hio</span> <span class='ocrx_word' id='word_1_205' title='bbox 605 3263 726 3341; x_wconf 84' lang='lat' dir='ltr'>agatur</span> <span class='ocrx_word' id='word_1_206' title='bbox 751 3255 792 3318; x_wconf 90' lang='lat' dir='ltr'>de</span> <span class='ocrx_word' id='word_1_207' title='bbox 819 3255 959 3319; x_wconf 91' lang='lat' dir='ltr'>materia</span> <span class='ocrx_word' id='word_1_208' title='bbox 985 3255 1127 3340; x_wconf 87' lang='lat' dir='ltr'>poenali,</span> <span class='ocrx_word' id='word_1_209' title='bbox 1149 3263 1190 3320; x_wconf 89' lang='lat' dir='ltr'>et</span> <span class='ocrx_word' id='word_1_210' title='bbox 1215 3257 1357 3344; x_wconf 91' lang='lat' dir='ltr'>proinde</span> 
     </span>
     <span class='ocr_line' id='line_1_26' title="bbox 233 3367 1358 3458; baseline 0 -24"><span class='ocrx_word' id='word_1_211' title='bbox 233 3371 394 3458; x_wconf 88' lang='lat' dir='ltr'>applicari</span> <span class='ocrx_word' id='word_1_212' title='bbox 410 3369 531 3436; x_wconf 88' lang='lat' dir='ltr'>debeat</span> <span class='ocrx_word' id='word_1_213' title='bbox 546 3369 677 3456; x_wconf 88' lang='lat' dir='ltr'>Regula</span> <span class='ocrx_word' id='word_1_214' title='bbox 688 3368 730 3436; x_wconf 76' lang='lat'>49</span> <span class='ocrx_word' id='word_1_215' title='bbox 742 3369 833 3434; x_wconf 83' lang='lat' dir='ltr'>luris</span> <span class='ocrx_word' id='word_1_216' title='bbox 843 3369 879 3432; x_wconf 93' lang='lat' dir='ltr'>in</span> <span class='ocrx_word' id='word_1_217' title='bbox 890 3368 935 3432; x_wconf 93' lang='lat' dir='ltr'>Vl</span> <span class='ocrx_word' id='word_1_218' title='bbox 950 3387 957 3432; x_wconf 93' lang='lat'><strong>:</strong></span> <span class='ocrx_word' id='word_1_219' title='bbox 976 3394 991 3428; x_wconf 78' lang='lat' dir='ltr'>a</span> <span class='ocrx_word' id='word_1_220' title='bbox 1006 3367 1043 3431; x_wconf 93' lang='lat' dir='ltr'>ln</span> <span class='ocrx_word' id='word_1_221' title='bbox 1056 3369 1167 3454; x_wconf 73' lang='lat' dir='ltr'>prunis</span> <span class='ocrx_word' id='word_1_222' title='bbox 1180 3368 1358 3455; x_wconf 80' lang='lat' dir='ltr'>benignior</span> 
     </span>
     <span class='ocr_line' id='line_1_27' title="bbox 233 3482 1355 3573; baseline -0.001 -24"><span class='ocrx_word' id='word_1_223' title='bbox 233 3491 286 3549; x_wconf 88' lang='lat' dir='ltr'>est</span> <span class='ocrx_word' id='word_1_224' title='bbox 305 3484 540 3573; x_wconf 88' lang='lat' dir='ltr'>interpretatio</span> <span class='ocrx_word' id='word_1_225' title='bbox 560 3483 724 3548; x_wconf 89' lang='lat' dir='ltr'>lacienda.</span> <span class='ocrx_word' id='word_1_226' title='bbox 746 3509 762 3543; x_wconf 77' lang='lat' dir='ltr'>u</span> <span class='ocrx_word' id='word_1_227' title='bbox 779 3482 921 3562; x_wconf 85' lang='lat' dir='ltr'>-Sed,</span> <span class='ocrx_word' id='word_1_228' title='bbox 939 3488 1019 3546; x_wconf 90' lang='lat' dir='ltr'>nota</span> <span class='ocrx_word' id='word_1_229' title='bbox 1035 3482 1246 3564; x_wconf 88' lang='lat' dir='ltr'>cautissime,</span> <span class='ocrx_word' id='word_1_230' title='bbox 1264 3483 1355 3548; x_wconf 89' lang='lat' dir='ltr'>dixi:</span> 
     </span>
     <span class='ocr_line' id='line_1_28' title="bbox 234 3597 1357 3683; baseline 0 -21"><span class='ocrx_word' id='word_1_231' title='bbox 234 3599 292 3662; x_wconf 86' lang='lat' dir='ltr'>Ad</span> <span class='ocrx_word' id='word_1_232' title='bbox 310 3599 589 3683; x_wconf 76' lang='lat' dir='ltr'>satisfaciendum</span> <span class='ocrx_word' id='word_1_233' title='bbox 611 3598 693 3682; x_wconf 76' lang='lat' dir='ltr'>legi,</span> <span class='ocrx_word' id='word_1_234' title='bbox 712 3620 780 3661; x_wconf 94' lang='lat' dir='ltr'>non</span> <span class='ocrx_word' id='word_1_235' title='bbox 796 3619 875 3662; x_wconf 87' lang='lat' dir='ltr'>vero</span> <span class='ocrx_word' id='word_1_236' title='bbox 895 3597 939 3661; x_wconf 85' lang='lat' dir='ltr'>ad</span> <span class='ocrx_word' id='word_1_237' title='bbox 958 3597 1198 3679; x_wconf 81' lang='lat' dir='ltr'>conserendam</span> <span class='ocrx_word' id='word_1_238' title='bbox 1219 3599 1357 3662; x_wconf 85' lang='lat' dir='ltr'>ordina-</span> 
     </span>
     <span class='ocr_line' id='line_1_29' title="bbox 235 3709 1355 3799; baseline -0.002 -22"><span class='ocrx_word' id='word_1_239' title='bbox 235 3713 383 3794; x_wconf 80' lang='lat' dir='ltr'>tionem,·</span> <span class='ocrx_word' id='word_1_240' title='bbox 406 3735 486 3777; x_wconf 90' lang='lat' dir='ltr'>nam</span> <span class='ocrx_word' id='word_1_241' title='bbox 509 3720 548 3777; x_wconf 89' lang='lat' dir='ltr'>ut</span> <span class='ocrx_word' id='word_1_242' title='bbox 573 3713 751 3799; x_wconf 91' lang='lat' dir='ltr'>episcopus</span> <span class='ocrx_word' id='word_1_243' title='bbox 776 3709 928 3775; x_wconf 87' lang='lat' dir='ltr'>conferre</span> <span class='ocrx_word' id='word_1_244' title='bbox 955 3709 1064 3796; x_wconf 91' lang='lat' dir='ltr'>possit</span> <span class='ocrx_word' id='word_1_245' title='bbox 1091 3710 1355 3792; x_wconf 88' lang='lat' dir='ltr'>ordinationem,</span> 
     </span>
     <span class='ocr_line' id='line_1_30' title="bbox 234 3823 1359 3906; baseline 0 -16"><span class='ocrx_word' id='word_1_246' title='bbox 234 3831 347 3891; x_wconf 89' lang='lat' dir='ltr'>certus</span> <span class='ocrx_word' id='word_1_247' title='bbox 373 3849 448 3891; x_wconf 90' lang='lat' dir='ltr'>esse</span> <span class='ocrx_word' id='word_1_248' title='bbox 474 3823 591 3906; x_wconf 87' lang='lat' dir='ltr'>debet,</span> <span class='ocrx_word' id='word_1_249' title='bbox 618 3848 686 3889; x_wconf 94' lang='lat' dir='ltr'>non</span> <span class='ocrx_word' id='word_1_250' title='bbox 713 3831 847 3890; x_wconf 88' lang='lat' dir='ltr'>tantum</span> <span class='ocrx_word' id='word_1_251' title='bbox 874 3824 915 3888; x_wconf 89' lang='lat' dir='ltr'>de</span> <span class='ocrx_word' id='word_1_252' title='bbox 942 3823 1156 3889; x_wconf 88' lang='lat' dir='ltr'>immunitate</span> <span class='ocrx_word' id='word_1_253' title='bbox 1181 3825 1359 3890; x_wconf 91' lang='lat' dir='ltr'>ordinandi</span> 
     </span>
     <span class='ocr_line' id='line_1_31' title="bbox 235 3937 1359 4028; baseline -0.003 -23"><span class='ocrx_word' id='word_1_254' title='bbox 235 3963 254 4005; x_wconf 89' lang='lat' dir='ltr'>a</span> <span class='ocrx_word' id='word_1_255' title='bbox 274 3937 426 4028; x_wconf 89' lang='lat' dir='ltr'>quolibet</span> <span class='ocrx_word' id='word_1_256' title='bbox 444 3938 705 4027; x_wconf 90' lang='lat' dir='ltr'>impediment0,</span> <span class='ocrx_word' id='word_1_257' title='bbox 728 3937 788 4002; x_wconf 92' lang='lat' dir='ltr'>sed</span> <span class='ocrx_word' id='word_1_258' title='bbox 808 3937 909 4002; x_wconf 92' lang='lat' dir='ltr'>etiam</span> <span class='ocrx_word' id='word_1_259' title='bbox 929 3938 968 4001; x_wconf 77' lang='lat' dir='ltr'>de</span> <span class='ocrx_word' id='word_1_260' title='bbox 988 3938 1101 4022; x_wconf 71' lang='lat' dir='ltr'>dignis</span> <span class='ocrx_word' id='word_1_261' title='bbox 1116 3939 1191 4024; x_wconf 84' lang='lat' dir='ltr'>ejus</span> <span class='ocrx_word' id='word_1_262' title='bbox 1207 3940 1359 4003; x_wconf 83' lang='lat' dir='ltr'>moribus</span> 
     </span>
     <span class='ocr_line' id='line_1_32' title="bbox 237 4051 1359 4140; baseline -0.001 -22"><span class='ocrx_word' id='word_1_263' title='bbox 237 4055 374 4120; x_wconf 85' lang='lat' dir='ltr'>relativo</span> <span class='ocrx_word' id='word_1_264' title='bbox 393 4054 437 4118; x_wconf 85' lang='lat' dir='ltr'>ad</span> <span class='ocrx_word' id='word_1_265' title='bbox 456 4055 703 4118; x_wconf 84' lang='lat' dir='ltr'>ordinationem</span> <span class='ocrx_word' id='word_1_266' title='bbox 723 4074 825 4140; x_wconf 90' lang='lat' dir='ltr'>quam</span> <span class='ocrx_word' id='word_1_267' title='bbox 849 4051 997 4140; x_wconf 88' lang='lat' dir='ltr'>recipere</span> <span class='ocrx_word' id='word_1_268' title='bbox 1022 4051 1184 4133; x_wconf 91' lang='lat' dir='ltr'>intendit,</span> <span class='ocrx_word' id='word_1_269' title='bbox 1202 4052 1300 4139; x_wconf 85' lang='lat' dir='ltr'>juxta</span> <span class='ocrx_word' id='word_1_270' title='bbox 1321 4077 1359 4117; x_wconf 86' lang='lat' dir='ltr'>ea</span> 
     </span>
     <span class='ocr_line' id='line_1_33' title="bbox 236 4165 1359 4256; baseline -0.003 -23"><span class='ocrx_word' id='word_1_271' title='bbox 236 4191 311 4256; x_wconf 79' lang='lat' dir='ltr'>quae</span> <span class='ocrx_word' id='word_1_272' title='bbox 331 4191 433 4254; x_wconf 89' lang='lat' dir='ltr'>supra</span> <span class='ocrx_word' id='word_1_273' title='bbox 451 4169 502 4255; x_wconf 83' lang='lat' dir='ltr'>(n.</span> <span class='ocrx_word' id='word_1_274' title='bbox 525 4167 599 4250; x_wconf 87' lang='lat'>90)</span> <span class='ocrx_word' id='word_1_275' title='bbox 619 4167 709 4232; x_wconf 89' lang='lat' dir='ltr'>dicta</span> <span class='ocrx_word' id='word_1_276' title='bbox 736 4172 827 4232; x_wconf 90' lang='lat' dir='ltr'>sunt.</span> <span class='ocrx_word' id='word_1_277' title='bbox 850 4165 964 4244; x_wconf 91' lang='lat' dir='ltr'>Unde,</span> <span class='ocrx_word' id='word_1_278' title='bbox 991 4167 1025 4230; x_wconf 91' lang='lat' dir='ltr'>in</span> <span class='ocrx_word' id='word_1_279' title='bbox 1050 4187 1148 4246; x_wconf 90' lang='lat' dir='ltr'>casu,</span> <span class='ocrx_word' id='word_1_280' title='bbox 1171 4167 1359 4254; x_wconf 88' lang='lat' dir='ltr'>requiretur</span> 
     </span>
     <span class='ocr_line' id='line_1_34' title="bbox 235 4279 1359 4369; baseline -0.003 -23"><span class='ocrx_word' id='word_1_281' title='bbox 235 4289 274 4346; x_wconf 94' lang='lat' dir='ltr'>ut</span> <span class='ocrx_word' id='word_1_282' title='bbox 298 4283 457 4369; x_wconf 88' lang='lat' dir='ltr'>episcopo</span> <span class='ocrx_word' id='word_1_283' title='bbox 476 4288 610 4346; x_wconf 90' lang='lat' dir='ltr'>constet</span> <span class='ocrx_word' id='word_1_284' title='bbox 637 4280 678 4346; x_wconf 90' lang='lat' dir='ltr'>de</span> <span class='ocrx_word' id='word_1_285' title='bbox 705 4280 818 4366; x_wconf 86' lang='lat' dir='ltr'>dignis</span> <span class='ocrx_word' id='word_1_286' title='bbox 845 4279 997 4345; x_wconf 91' lang='lat' dir='ltr'>moribus</span> <span class='ocrx_word' id='word_1_287' title='bbox 1017 4279 1197 4347; x_wconf 92' lang='lat' dir='ltr'>ordinandi</span> <span class='ocrx_word' id='word_1_288' title='bbox 1223 4303 1263 4344; x_wconf 91' lang='lat' dir='ltr'>ex</span> <span class='ocrx_word' id='word_1_289' title='bbox 1284 4279 1359 4344; x_wconf 91' lang='lat' dir='ltr'>aliis</span> 
     </span>
    </p>
   </div>
   <div class='ocr_carea' id='block_1_7' title="bbox 0 0 1683 5052">
    <p class='ocr_par' dir='ltr' id='par_1_7' title="bbox 0 0 1683 5052">
     <span class='ocr_line' id='line_1_35' title="bbox 0 0 1683 5052; baseline 0 0"><span class='ocrx_word' id='word_1_290' title='bbox 0 0 1683 5052; x_wconf 95' lang='lat' dir='ltr'> </span> 
     </span>
    </p>
   </div>
  </div>
 </body>
</html>
