3238 5052
287 499 331 548 DE
352 498 480 548 nrrraus
500 497 754 548 ESSENTthlBUS
774 499 1028 549 eneruauerunt
1048 499 1206 549 arbonen
1257 497 1309 550 507

185 661 368 708 manuum:
402 669 417 702 ι(
447 642 533 705 Tum
561 641 665 712 tradit
697 641 912 732 (episcopus)
942 643 1082 708 cuilibet
1115 644 1307 708 successive

183 758 323 822 calicem
343 779 421 820 cum
440 755 520 819 vino
545 763 579 819 et
598 779 702 842 aqua,
725 763 759 820 et
778 764 939 843 patenam
959 759 1211 844 superpositam
1230 781 1308 822 cum

186 871 311 948 hostia,
334 877 367 934 et
386 869 453 956 ipsi
479 868 573 933 illam
594 869 764 958 accipiunt
788 870 879 934 inter
902 869 1032 934 indices
1056 877 1090 933 et
1110 870 1240 934 medios
1260 871 1308 935 di-

184 985 286 1068 gitos,
308 991 343 1048 et
362 1006 508 1068 cuppam
534 983 646 1048 calicia
672 993 704 1048 et
724 993 886 1070 patenam
909 985 1014 1048 simul
1039 993 1208 1070 tanquam
1230 1013 1246 1046 a
1273 987 1308 1050 in

185 1099 237 1164 tit.
260 1105 374 1162 autem
391 1097 441 1160 De
460 1117 628 1163 cnorurnus
643 1117 880 1164 conranenors:
899 1127 913 1156 α
941 1097 1080 1163 Moneat
1092 1097 1309 1188 (episcopus)

184 1211 406 1291 ordinandoS,
429 1210 521 1299 quod
540 1211 783 1290 instrumenta,
806 1213 840 1275 in
860 1235 1005 1300 quorum
1025 1212 1207 1278 traditione
1231 1214 1308 1279 oha-

184 1333 292 1390 raeter
312 1325 530 1412 imprimitur,
554 1333 707 1410 tanqaat.
731 1353 746 1386 a
769 1326 896 1390 Eadem
917 1326 1040 1412 legeris
1061 1326 1095 1390 in
1115 1327 1309 1411 Pontificali

185 1463 244 1527 pro
268 1440 468 1520 diaconatu,
495 1437 752 1519 subdiaconatu,
775 1448 810 1504 et
834 1440 979 1526 singulis
1005 1439 1181 1505 ordinibus
1200 1442 1308 1504 mino-

184 1553 309 1618 ribus¹.

228 1669 260 1733 2.
287 1667 384 1733 Unde
404 1669 521 1748 etiam,
541 1675 576 1732 et
595 1675 733 1756 propter
753 1669 906 1732 eamdem
927 1669 1104 1748 rationem,
1127 1669 1309 1756 requiritur

183 1789 362 1847 contactus
386 1782 547 1869 physicus
574 1783 806 1864 immediatus,
833 1783 888 1846 vel
909 1783 1031 1846 saltem
1058 1805 1097 1846 eo
1119 1783 1218 1847 modo
1239 1807 1308 1849 me-

184 1896 314 1974 diatus,
344 1897 419 1985 qui,
442 1897 476 1959 in
497 1897 669 1960 communi
695 1897 920 1960 aestimatione
945 1897 1137 1975 hominum,
1165 1900 1309 1983 aequiva-

185 2011 250 2074 leat
271 2011 477 2085 immediato,
499 2019 534 2074 et
552 2011 688 2074 dicatur
707 2033 781 2073 vere
802 2019 929 2092 tactua,·
950 2011 998 2074 sie
1018 2009 1159 2092 sufficit,
1182 2011 1210 2074 si
1231 2013 1308 2098 quis

184 2131 303 2210 tangat
331 2124 558 2188 instrumenta
586 2147 663 2188 cum
692 2124 911 2204 chirothecis,
942 2124 997 2188 vel
1016 2131 1136 2210 tangat
1168 2125 1309 2191 calicem

184 2237 260 2300 velo
280 2237 483 2318 obductum,
505 2239 554 2302 sic
573 2239 676 2302 ctiam
691 2238 816 2302 sufficit
833 2245 872 2302 ut
890 2239 967 2325 quis
982 2245 1101 2324 tangat
1115 2239 1255 2303 calicem
1274 2247 1309 2304 et

184 2359 359 2438 patenam,
389 2352 469 2416 lieet
492 2375 560 2416 non
588 2353 753 2432 hostiam,
782 2353 861 2439 quin
892 2353 951 2440 qui
980 2353 1090 2438 tangit
1113 2354 1305 2434 continenS,

184 2467 296 2553 tangit
315 2471 531 2546 contentum,
552 2466 643 2530 unde
663 2488 762 2529 nemo
787 2465 928 2553 requirit
947 2473 985 2530 ut
1004 2466 1212 2530 ordinandus
1232 2475 1308 2532 tan-

185 2587 243 2665 gat
262 2581 396 2660 vinum;
414 2581 496 2644 item
517 2581 620 2645 etiam
640 2580 765 2646 sufficit
779 2581 808 2644 si
827 2581 905 2666 quis
924 2587 1045 2666 tangat
1059 2581 1210 2660 calicem,
1230 2581 1309 2645 licet

186 2717 253 2758 non
273 2701 433 2781 patenam
453 2695 720 2782 superpositam,
738 2695 818 2782 quia
837 2700 919 2758 tunc
939 2694 1026 2758 calix
1045 2701 1080 2758 et
1103 2718 1164 2759 sua
1185 2703 1308 2782 patena

185 2831 220 2870 se
249 2807 376 2872 habent
402 2832 461 2896 per
482 2808 621 2872 modum
645 2809 762 2888 unius,
790 2809 845 2872 vel
871 2809 950 2896 quia
978 2809 1083 2888 calix,
1106 2810 1247 2874 relative
1267 2808 1309 2873 ad

186 2945 282 2986 suam
310 2929 470 3010 patenam
504 2924 770 3011 superpositam,
802 2931 855 2986 est
882 2923 981 3010 quasi
1008 2925 1192 2989 continens.
1220 2921 1309 3001 Quid

185 3044 298 3100 autem
319 3037 347 3100 si
367 3037 444 3124 quis
468 3044 586 3124 tangat
610 3044 785 3124 patenam,
807 3060 876 3101 non
902 3037 1065 3102 calicem:
1088 3037 1159 3101 baec
1179 3039 1309 3126 species

185 3149 338 3214 discussa
357 3157 410 3215 est
430 3151 463 3214 in
474 3151 510 3216 S.
535 3151 660 3236 Congr.
676 3151 831 3230 Concilii,
849 3151 884 3214 in
900 3151 1155 3224 Santandrien.,
1171 3151 1213 3214 28
1229 3153 1310 3216 maii

190 3263 308 3344 li9b²;
343 3264 505 3328 resolutio
530 3263 564 3330 S.
597 3265 724 3352 Congr.
756 3288 824 3329 non
853 3265 916 3329 fuit
948 3263 1130 3352 publicata,
1157 3265 1217 3330 scd
1241 3266 1309 3354 epi-

186 3401 288 3465 scopo
315 3379 480 3465 scriptum
510 3379 574 3443 suit
586 3381 694 3464 juxta
725 3388 890 3458 mentem,·
909 3402 1005 3444 mens
1031 3387 1146 3444 autem
1174 3388 1247 3444 erat
1271 3387 1310 3444 ut

185 3493 352 3560 ordinatio
374 3517 416 3558 ex
443 3495 575 3580 integro
595 3493 659 3558 sub
684 3493 881 3558 condicione
904 3494 1094 3574 iteraretur,
1116 3500 1252 3557 servato
1267 3492 1309 3556 de

186 3608 248 3672 hac
280 3609 459 3674 iteratione
489 3610 653 3674 seereto³.
690 3648 733 3655 —
759 3608 903 3686 Verum,
933 3607 1183 3690 recentissime,
1212 3607 1310 3670 aliter

187 3723 319 3786 censuit
338 3722 373 3787 S.
398 3722 573 3801 Ollicium;
597 3745 673 3786 eum
694 3723 784 3786 enim
804 3720 1014 3785 ordinandus
1034 3721 1201 3807 tetigisset
1216 3729 1310 3808 patc-

219 3915 226 3946 ¹
246 3915 301 3963 Nee
316 3916 409 3964 obstat
424 3916 450 3963 S.
468 3917 522 3964 [tit.
538 3917 634 3978 Congr.
651 3917 677 3964 in
693 3931 746 3964 una
762 3914 927 3972 (brutiarum,
943 3922 957 3962 3
972 3915 1031 3963 dcc.
1049 3920 1116 3974 1661,
1132 3915 1210 3963 Decr.
1223 3915 1310 3970 auth„

188 4009 213 4042 n.
233 3999 303 4052 122¹,
325 3998 343 4042 t.
366 4011 386 4050 r,
407 4009 434 4056 p.
451 3999 508 4052 2323
529 3995 592 4056 quia
612 3995 655 4042 hir
678 4011 730 4042 non
753 3994 884 4052 agebatur
904 3995 938 4041 de
959 3995 1033 4042 certa
1055 3993 1200 4040 omissione
1223 3996 1312 4040 tuctus

188 4073 307 4134 physici,
323 4074 371 4120 scd
386 4074 419 4120 de
437 4073 579 4135 scrupulis.

218 4153 228 4183 ²
249 4152 416 4208 Thesaurus,
433 4155 452 4200 t.
467 4167 524 4206 exv,
542 4167 568 4212 p.
587 4157 649 4198 103-
661 4157 711 4199 ΙΙΙ.

219 4231 229 4264 ³
246 4229 400 4286 Pallottini,
417 4229 546 4278 Collectio
565 4229 767 4278 ltesotntionam
783 4231 808 4276 S.
825 4231 853 4277 G.
871 4231 914 4286 (1.,
930 4239 958 4274 ν0
972 4229 1177 4278 Sacramentum
1192 4227 1312 4287 ordinis,

188 4313 241 4366 tt,
258 4315 327 4364 nit,
344 4309 370 4354 in
386 4307 451 4364 fine,
469 4312 487 4356 t.
504 4323 561 4366 xri,
578 4323 604 4370 p.
620 4313 659 4356 67.
