3248 5052
669 509 870 560 DOCL'MENTA
1280 507 1328 559 62¹

208 657 316 730 aperto
336 651 473 732 episcopi
493 651 660 712 dioecesani
681 659 861 732 contemptu
882 671 968 711 suam
994 651 1057 710 vim
1080 659 1112 710 et
1130 651 1225 711 robur
1246 651 1332 712 habi·

209 754 278 806 tura
294 746 407 808 lorent.

248 843 391 924 Denique
414 851 477 904 tam
499 843 692 904 venerabiles
713 844 823 903 lratres
850 845 1057 924 patriarchas,
1081 846 1332 926 archiepiscopos

207 946 239 998 et
257 940 437 1020 episcopos,
453 961 547 1022 quam
566 940 697 1001 dilectos
715 940 796 1000 filios
816 941 955 1001 omnium
975 942 1164 1021 regularium
1179 941 1330 1002 Ordinum

207 1036 416 1116 professores,
433 1057 526 1118 quam
543 1039 679 1096 maximo
694 1057 860 1117 possumus
880 1038 1059 1118 apostolicae
1075 1039 1247 1098 voluntatis
1265 1044 1331 1098 stu-

157 1195 161 1204 ,
205 1131 258 1190 dio
273 1153 330 1213 per
343 1133 586 1192 misericordiam
602 1134 661 1192 Dei
681 1133 779 1192 nostri
794 1141 826 1192 et
843 1154 898 1213 pcr
912 1133 1095 1194 charitatem
1111 1134 1217 1194 Sancti
1234 1135 1331 1215 Spiri-

207 1235 273 1301 tus,
291 1228 455 1288 hortamur
469 1230 499 1288 in
516 1230 651 1288 Domino
667 1236 698 1288 et
712 1229 917 1302 obtestamur,
935 1237 970 1289 ut
985 1237 1048 1290 tam
1065 1231 1096 1288 in
1112 1230 1172 1290 hoc
1188 1231 1329 1309 negoti0,

206 1345 299 1406 quam
320 1325 352 1383 in
371 1325 482 1385 ceteris
501 1325 647 1386 omnibus
666 1324 791 1384 solliciti
811 1326 873 1384 sint
892 1325 1044 1386 unitatem
1066 1326 1193 1406 spiritus
1216 1333 1248 1385 et
1269 1327 1332 1386 sin-

205 1441 284 1480 cerae
300 1420 477 1481 dilectionis
492 1422 690 1482 concordiam
706 1442 840 1481 servare.
855 1421 1056 1482 Meminerint
1072 1421 1253 1502 Regularss,
1268 1443 1331 1503 quo

207 1517 276 1577 loco
295 1517 430 1598 Spiritus
450 1518 582 1578 Sanctus
602 1518 741 1599 posuerit
760 1517 922 1598 episcopos
942 1539 1049 1596 regere
1068 1517 1236 1578 Ecclesiam
1253 1519 1329 1592 Dci;

206 1613 290 1694 quod
313 1615 387 1694 ipsis
414 1635 430 1674 a
454 1623 650 1674 sacrosancta
679 1614 870 1674 oecumenica
897 1615 1097 1674 Lateranensi
1127 1615 1247 1694 synodo
1273 1616 1331 1674 sub

208 1711 310 1769 Leone
325 1710 487 1784 Xhabita,
505 1709 694 1770 inculcatum
710 1710 784 1781 luit,
801 1731 857 1790 per
876 1710 942 1769 haec
957 1709 1053 1770 verba
1068 1727 1074 1769 :
1092 1710 1229 1770 Eosdem
1246 1710 1331 1770 insu-

201 1826 262 1888 per
280 1805 398 1886 [ratres
421 1806 455 1866 in
476 1807 593 1867 virtute
614 1813 730 1867 sanctre
749 1805 951 1882 obedientiae,
975 1813 1008 1866 ut
1027 1805 1151 1866 eosdem
1171 1806 1330 1888 episcopos

206 1903 273 1962 toco
292 1902 481 1964 Sanctorum
501 1903 726 1985 Apostolorum
745 1902 948 1986 subropatos,
961 1922 1023 1983 pro
1047 1901 1154 1963 debita
1174 1911 1204 1964 et
1224 1911 1331 1964 nostra

204 2019 242 2058 ac
261 1999 440 2081 apostolice
460 1998 551 2061 Sedis
572 1999 760 2078 reverentia,
787 2020 927 2082 conpruo
952 1999 1068 2060 bonore
1092 2006 1122 2060 et
1143 2000 1331 2082 conpruenti

204 2093 404 2156 observantia
421 2103 617 2157 venerentur.
635 2099 743 2178 Neque
761 2097 986 2156 obliviscantur
1002 2097 1155 2176 episcopi,
1173 2097 1330 2176 regulares

205 2191 289 2252 viros
303 2193 378 2272 ipsis
390 2193 481 2253 datos
496 2215 563 2252 esse
577 2193 735 2275 adjutores
747 2194 776 2252 in
790 2191 953 2252 dominicae
965 2192 1064 2251 vineae
1075 2192 1194 2251 cultum
1205 2211 1211 2264 ;
1225 2193 1331 2254 subdit

205 2288 287 2347 enim
303 2288 411 2348 eadem
432 2297 539 2349 sancta
558 2289 716 2370 synodus:
734 2287 822 2370 Ipsos
842 2309 966 2371 quoque
985 2287 1146 2370 episcopos
1166 2288 1330 2349 hortamur

204 2404 242 2444 ac
255 2404 317 2465 per
336 2383 455 2445 viscera
476 2384 702 2446 misericordiae
720 2384 781 2445 Dei
800 2383 902 2444 nostri
920 2383 1129 2466 requirimus,
1156 2391 1188 2443 ut
1212 2384 1330 2466 fratres

204 2479 288 2560 ipsos
316 2479 433 2560 affectu
464 2480 613 2541 benevolo
636 2487 865 2564 prosequentes
890 2479 1077 2540 charitative
1107 2487 1261 2558 tractent,
1292 2503 1329 2542 ac

204 2575 341 2658 benipne
363 2577 505 2658 foveant,
529 2585 603 2652 eto,
625 2584 654 2638 et
677 2584 828 2659 tanquam
851 2575 884 2635 in
906 2595 984 2658 apro
1007 2575 1165 2636 dominico
1185 2597 1329 2657 coopera-

205 2679 297 2752 tores,
313 2693 421 2734 eorum
435 2673 580 2734 taborum
588 2673 775 2755 participes,
786 2679 935 2754 prompta
948 2671 1146 2755 benignitate
1159 2672 1326 2754 recipiant.

205 2769 338 2828 Domum
352 2778 384 2830 et
398 2771 536 2851 episcopi
554 2777 586 2830 et
600 2770 771 2849 Regulares
784 2768 876 2830 simul
892 2769 1029 2828 animum
1046 2769 1211 2829 advertant
1225 2769 1263 2829 ad
1280 2769 1326 2844 id,

203 2865 288 2946 quod
315 2867 430 2926 ibidem
455 2867 642 2947 subjicitur:
668 2867 737 2928 Una
758 2872 804 2926 est
826 2864 1034 2948 Repularium
1057 2869 1087 2924 et
1109 2864 1326 2942 saecularium,

199 2961 407 3042 praelatorum
420 2969 449 3022 et
462 2960 663 3022 subditorum
679 2967 894 3042 exemptorum
910 2967 939 3020 et
954 2981 1016 3020 non
1028 2967 1245 3040 exemptorum
1260 2959 1328 3019 uni-

203 3057 335 3118 versatis
349 3058 514 3124 Ecclesia:
533 3065 624 3118 extra
643 3079 739 3140 quam
760 3056 868 3116 nultus
887 3054 1014 3116 omnino
1034 3056 1185 3133 salvatur,
1207 3077 1328 3116 eorum·

202 3175 263 3236 que
283 3154 424 3214 omnium
448 3175 529 3214 unus
548 3154 718 3232 Dominus,
743 3175 804 3213 una
818 3152 913 3234 fides,
936 3159 965 3212 et
980 3159 1151 3233 propterea
1166 3151 1257 3226 ,decet
1277 3173 1328 3212 eos

201 3249 260 3333 qui
273 3249 417 3332 ejusdem
430 3257 504 3311 sunt
517 3249 672 3332 corporis,
691 3249 784 3310 unius
797 3248 892 3309 etiam
905 3268 970 3308 esse
985 3247 1165 3308 voluntatis.

244 3347 301 3406 Hae
330 3347 471 3428 prolecto
504 3347 679 3406 christianae
713 3347 853 3405 veritatis
886 3353 918 3404 et
947 3344 1108 3404 charitatis
1139 3344 1327 3405 documenta

203 3463 273 3503 cum
290 3445 436 3524 utrinque
455 3451 578 3504 servata
599 3444 714 3502 luerint
729 3441 873 3501 omnibus
888 3441 920 3499 in
934 3440 1044 3514 rebus,
1061 3440 1202 3521 adeoque
1219 3440 1251 3500 in
1269 3441 1328 3500 hac

202 3541 294 3600 etiam
309 3540 540 3600 ordinationum
553 3540 694 3612 materia,
709 3539 895 3618 importunae
910 3537 1046 3618 partium
1058 3537 1192 3616 querela,¹
1204 3537 1327 3617 penitus

201 3638 423 3697 conticescent.
449 3637 557 3717 Neque
581 3637 663 3696 enim
686 3636 857 3714 Regulares
881 3633 1029 3714 conqueri
1054 3641 1218 3712 poterunt,
1241 3633 1325 3714 quod

201 3733 417 3793 recusantibus
437 3734 591 3814 episcopis
611 3753 729 3792 sacram
750 3730 978 3791 ordinationem
999 3728 1232 3803 administrare,
1249 3750 1326 3809 prae-

202 3837 343 3911 terquam
360 3831 391 3888 in
408 3830 601 3911 temporibus
621 3829 659 3888 ab
677 3829 812 3888 Ecclesia
828 3827 968 3900 statutis,
990 3846 1097 3884 eorum
1112 3825 1273 3906 privilegia
1288 3825 1326 3886 de

201 3926 363 3986 ordinibus
382 3933 468 3986 extra
490 3933 631 4006 tempora
650 3923 855 4004 suscipiendis
874 3923 987 3982 ellectu
1006 3943 1103 3981 vacua
1123 3929 1324 3996 remaneant;

201 4023 339 4103 episcopi
353 4023 435 4082 enim
449 4023 526 4082 alios
537 4023 631 4081 etiam
645 4029 839 4102 opportunos
852 4019 918 4078 dies
926 4017 1108 4077 ordinandis
1119 4017 1325 4096 Regularibus

201 4119 292 4179 facile
312 4119 482 4179 invenient.
505 4119 729 4199 Episcoporum
750 4124 854 4176 autem
879 4115 1046 4174 cessabunt
1069 4114 1219 4196 querelae,
1241 4115 1324 4194 quod

201 4216 376 4297 superiores
392 4214 561 4294 regulares,
572 4213 610 4274 ad
626 4212 810 4273 eludendam
822 4211 939 4271 decreti
955 4210 1143 4270 Clementini
1159 4211 1325 4270 observan-

204 4313 295 4386 tiam,
320 4311 556 4371 advenientibus
584 4309 816 4371 ordinationum
840 4307 1050 4388 temporibus,
1081 4305 1223 4366 subditos
1252 4327 1325 4366 suos
