3270 5050
388 495 505 546 suumn
523 493 699 544 DOC'l'lllNAE
718 492 908 545 CATllOLlGAE
927 495 971 544 DE
990 493 1169 546 ORDlNlBUS
1308 491 1342 544 45

261 637 353 718 Quot
376 645 490 704 autem
514 638 584 702 sint
607 636 802 725 hujusmodi
825 636 950 724 gradus
973 637 1153 724 potestatis
1178 659 1236 702 seu
1256 636 1344 702 ordi-

217 776 294 834 nes,
316 751 508 818 desumitur
527 775 568 817 ex
588 751 711 817 dictis:
753 771 758 794 ¹

263 871 299 931 10
318 866 357 931 ln
377 865 529 931 Ecclesia
548 864 685 946 Latina,
707 871 789 931 sunt
807 873 958 951 quatuor
972 867 1119 931 minores
1138 866 1288 950 ordines,
1310 871 1344 930 et

217 983 368 1067 insuper,
385 980 663 1062 subdiaconatus,
682 979 879 1044 diaconatus
898 986 932 1044 et
949 979 1196 1062 sacerdotium;
1215 981 1244 1044 si
1263 1001 1344 1066 ergo

217 1093 461 1174 sacerdotium,
482 1116 590 1157 unum
612 1099 747 1158 tantum
771 1092 924 1158 ordinem
949 1093 1089 1174 dixeris,
1112 1100 1191 1158 sunt
1213 1101 1344 1181 septem

217 1208 370 1288 ordines;
389 1207 418 1272 si
437 1207 560 1293 inipso
575 1206 764 1272 sacerdotio
780 1206 866 1270 duos
880 1206 1060 1271 distinctos
1074 1207 1210 1272 ordines
1225 1207 1345 1272 distin-

216 1344 320 1408 guas,
342 1320 442 1408 juxta
465 1319 660 1408 supradicta
683 1322 735 1402 (n.
759 1319 819 1402 6),
846 1326 945 1384 erunt
969 1327 1045 1385 octo
1068 1319 1215 1386 ordines.
1239 1320 1345 1386 -Ut

217 1441 330 1499 autem
352 1434 568 1514 dictumest,
589 1441 730 1498 tonsura
749 1456 817 1498 non
837 1441 890 1499 est
908 1433 1002 1499 ordo.

264 1549 299 1612 2⁰
325 1547 364 1612 ln
391 1548 543 1614 Ecclesia
569 1547 751 1628 Orientali,
779 1569 867 1613 unus
892 1554 945 1611 est
969 1546 1051 1612 ordo
1075 1549 1196 1631 minor,
1223 1549 1279 1614 vel
1302 1548 1346 1614 ad

219 1685 393 1727 summum
411 1663 479 1728 duo
503 1685 546 1728 ex
565 1662 681 1742 dictis3
705 1661 827 1726 deinde
850 1662 1128 1746 subdiaconatus,
1150 1663 1346 1727 diaconatus

219 1783 255 1841 et
277 1777 503 1841 sacerdotium
510 1795 525 1860 ,·
549 1783 648 1841 erunt
671 1799 751 1864 ergo
776 1782 921 1864 quatuor
943 1775 999 1840 vel
1023 1775 1172 1864 quinque
1192 1774 1344 1856 ordineS,

220 1889 275 1954 vel
295 1890 397 1954 etiam
417 1911 494 1970 sex,
517 1889 546 1953 si
565 1889 600 1953 in
619 1888 808 1954 sacerdotio
828 1888 913 1953 duos
933 1887 1068 1954 ordines
1087 1888 1294 1954 distinxeris.

268 2102 334 2170 13.
354 2139 398 2150 -
415 2101 571 2170 Divisio
590 2101 791 2169 ordinum.
811 2139 855 2150 -
870 2101 1060 2188 Tripliciter
1079 2101 1299 2168 dividuntur:

271 2213 302 2277 l⁰
320 2215 408 2281 Sunt
426 2215 562 2279 ordines
588 2215 806 2298 hierarchici,
828 2221 864 2281 et
886 2215 1023 2281 ordines
1044 2238 1110 2280 non
1131 2217 1344 2282 hierarchici.

221 2368 266 2376 —
281 2329 495 2394 Hierarchici
509 2329 561 2394 illi
576 2336 657 2394 sunt
671 2329 729 2417 qui
744 2329 788 2394 ad
802 2327 952 2394 divinam
967 2330 1096 2395 ordinis
1110 2329 1345 2412 hierarchiam,

222 2441 397 2508 aChristo
421 2442 631 2524 institutam,
653 2449 745 2508 certo
769 2443 957 2530 pertinent,
980 2467 1102 2531 nempe
1121 2446 1345 2530 episcopatus,

218 2558 478 2644 presbyteratus
515 2565 549 2622 et
586 2557 800 2640 diaconatus,
840 2579 883 2622 ex
920 2581 1014 2624 conc.
1055 2558 1162 2638 Trid.,
1198 2581 1273 2624 can.
1309 2559 1346 2643 6,

223 2694 307 2736 sess.
330 2653 459 2752 XXlll,
483 2673 534 2737 Dr
559 2693 687 2739 camur.
714 2671 785 2736 Alii
810 2679 924 2736 autem
948 2672 1085 2736 ordines
1104 2672 1263 2738 dicuntur
1283 2696 1349 2738 non

223 2787 437 2852 hierarchici.

269 2901 305 2964 2⁰
318 2899 405 2965 Sunt
419 2899 556 2964 ordines
567 2901 656 2965 sacri
675 2907 710 2965 et
730 2922 796 2964 non
815 2901 915 2965 sacri.
932 2897 1120 2965 -Omnes
1138 2900 1276 2988 quidem
1295 2924 1350 2966 or-

224 3015 321 3079 dines
346 3021 428 3079 sunt
451 3014 537 3080 sacri
562 3015 630 3078 lato
653 3037 768 3098 sensu,
791 3013 869 3101 quia
893 3013 1085 3078 referuntur
1108 3014 1152 3079 ad
1175 3016 1277 3080 finem
1297 3039 1351 3080 sa-

225 3152 335 3208 crum,
356 3150 480 3215 nempe
504 3129 652 3194 salutem
674 3129 864 3194 animarum
889 3135 924 3192 et
947 3127 1076 3192 cultum
1096 3129 1174 3208 Dei;
1197 3129 1258 3194 sed
1281 3137 1351 3194 tres

226 3250 357 3308 tantum
384 3243 521 3308 ordines
553 3249 634 3307 sunt
663 3243 750 3308 sacri
779 3243 896 3306 stricto
924 3265 1040 3326 sensu,
1070 3242 1201 3308 ratione
1229 3266 1351 3331 nempe

227 3357 375 3424 materiae
406 3356 493 3422 eirca
522 3379 623 3445 quam
653 3364 881 3422 exercentur:
910 3356 1040 3422 scilieet
1064 3358 1290 3422 sacerdotium
1319 3366 1353 3423 et

226 3473 439 3556 diaconatus,
460 3494 535 3559 quae
553 3479 733 3536 versantur
755 3471 843 3534 circa
867 3492 989 3557 eorpus
1008 3475 1042 3535 et
1065 3471 1266 3558 sanguinem
1286 3473 1352 3536 Do-

227 3587 327 3666 mini,
344 3593 379 3650 et
391 3585 670 3668 subdiaconatus,
688 3584 747 3673 qui
759 3591 915 3650 versatur
933 3583 1021 3649 cirea
1041 3607 1123 3650 vasa
1142 3592 1348 3660 consecrata.

228 3699 340 3766 Ceteri
363 3699 499 3764 ordines
519 3707 601 3764 sunt
620 3721 687 3764 non
705 3700 794 3764 sacri
805 3701 828 3765 ¹.
845 3736 890 3746 —
908 3698 1121 3786 Praecipuum
1141 3708 1353 3764 momentum

228 3813 328 3902 hujus
361 3812 538 3878 divisionis
568 3812 707 3899 respicit
738 3812 940 3877 electionem
971 3811 1218 3899 episcoporum.
1249 3814 1352 3878 Juxta

228 3927 319 3993 enim
333 3927 548 4016 disciplinam
562 3925 723 3992 Ecclesiae
738 3927 871 4015 (supra,
887 3947 922 3991 n.
945 3924 989 4012 8,
1006 3924 1072 4014 3⁰),
1090 3927 1270 4014 episcopus
1285 3951 1353 3993 non

228 4047 340 4132 potest
354 4040 435 4128 eligi
455 4041 522 4106 nisi
536 4063 576 4105 ex
597 4039 729 4106 clericis
749 4041 784 4105 in
800 4061 895 4104 sacro
911 4040 1028 4104 ordine
1043 4041 1244 4106 constitutis.
1263 4042 1353 4128 Ergo

229 4155 343 4244 magni
361 4155 465 4220 relert
483 4153 710 4220 determinare
730 4153 786 4242 qui
807 4153 876 4218 sint
894 4153 1030 4218 ordines
1049 4153 1147 4220 sacri.

260 4311 268 4345 ¹
287 4311 320 4360 D.
336 4309 468 4368 Thomas,
484 4309 532 4359 cit.
547 4324 573 4372 q.
589 4323 693 4367 xxxvn,
709 4309 760 4357 art.
775 4313 798 4356 3.
886 4301 887 4306 ’
