3246 5052
328 459 379 507 572
665 461 707 510 DE
728 461 857 511 altinus
877 460 1111 512 oanlanttoa'rs

325 603 428 668 verba
450 607 638 691 sequentia,
662 629 783 693 nempe
801 607 845 670 Ut
864 629 1085 692 quaecumque
1105 605 1351 681 benedixerint,
1369 611 1451 682 etc,

326 718 513 783 intentione
540 743 600 784 sua
628 743 665 784 ea
700 719 916 784 extendendo
943 719 987 784 ad
1015 742 1134 782 omnes
1161 719 1380 783 ordinandos.
1409 757 1454 766 —

325 833 515 920 Respondit
534 841 647 898 autem
668 833 702 899 S.
730 834 899 914 Officium,
923 833 1004 898 seria
1024 833 1082 908 IV,
1105 833 1158 897 die
1179 833 1221 898 28
1241 855 1319 896 nov.
1347 831 1451 896 tanti:

325 947 559 1032 Aequieacat¹.

370 1062 401 1125 b.
425 1062 461 1126 Si
480 1061 605 1126 omissa
621 1063 721 1126 fuerit
740 1063 918 1150 promissio
939 1062 1156 1132 obedientiae.
1180 1064 1212 1124 in
1239 1063 1304 1125 tine
1325 1061 1449 1134 missa,

326 1175 410 1238 nihil
430 1176 657 1264 supplendum
678 1200 751 1241 esse
779 1177 984 1264 putaverim:
1009 1177 1087 1240 licet
1107 1177 1198 1240 enim
1225 1176 1332 1262 primo
1352 1197 1453 1262 aspc-

325 1297 381 1352 ctu
401 1289 490 1353 idem
511 1289 575 1354 dici
596 1289 888 1356 deberevideatur
907 1291 1027 1355 dehac
1047 1290 1270 1377 promissione
1290 1287 1453 1353 obedien-

325 1403 392 1470 tiae.
411 1405 500 1491 quod
517 1427 618 1492 supra
634 1405 675 1468 de
687 1403 882 1490 juramento
898 1405 1059 1494 episcopi,
1077 1405 1267 1469 notandum
1282 1411 1397 1467 tamen
1412 1426 1452 1466 ea

325 1518 548 1604 promissione
569 1520 700 1582 nullam
716 1541 839 1582 novam
856 1519 970 1583 induci
984 1519 1174 1606 presbyteri
1190 1517 1448 1601 obligationem.

326 1633 392 1696 imo
413 1655 473 1696 nec
490 1633 557 1696 sere
578 1656 704 1696 novum
726 1633 913 1708 vinculum,
936 1657 1012 1697 cum
1034 1634 1097 1697 ista
1119 1632 1298 1719 promissio
1318 1654 1385 1696 non
1407 1631 1450 1694 sii

320 1747 553 1832 juramentum
574 1770 635 1810 nee
656 1755 787 1820 votum,
810 1747 870 1812 sed
890 1748 1037 1835 simplex
1057 1747 1248 1833 promissio.

370 1861 401 1924 5.
425 1861 537 1924 Ceteri
558 1860 658 1933 ritus,
682 1885 714 1925 v.
743 1885 791 1948 g.,
819 1862 990 1948 impositio
1015 1861 1154 1935 casulae,
1178 1861 1290 1932 stolae,
1316 1867 1396 1938 etc.,
1422 1859 1452 1920 si

325 1972 439 2038 forsan
454 1975 570 2038 omissi
592 1974 731 2049 suerint,
755 1999 822 2038 non
844 1984 921 2040 sunt
943 1974 1136 2062 supplendi.

371 2185 466 2255 302.
496 2225 540 2234 —
569 2188 627 2254 De
659 2190 800 2255 ceteris
828 2187 1162 2256 ordinationibus.
1190 2225 1233 2236 -
1265 2185 1303 2251 ln
1332 2184 1451 2250 ceteris

325 2299 610 2382 ordinationibuS,
638 2324 705 2365 non
726 2302 906 2389 supplendi
932 2309 1010 2366 sunt
1034 2302 1119 2365 ritus
1144 2300 1368 2364 accidentales
1393 2298 1450 2386 qui

325 2423 539 2500 sequuntur:
565 2419 593 2478 i.
618 2415 656 2478 In
676 2415 868 2493 diaconatu,
885 2417 1057 2503 impositio
1078 2415 1173 2480 stola
1190 2423 1222 2478 et
1243 2413 1449 2484 dalmatica:

326 2567 368 2574 —
388 2529 419 2592 2.
449 2528 486 2592 ln
507 2528 764 2602 subdiaconatu,
799 2529 936 2594 traditio
967 2531 1180 2594 urceolorum
1213 2537 1247 2593 ct
1278 2528 1451 2615 impositio

327 2643 483 2716 amictus,
517 2643 693 2729 manipuli,
726 2645 865 2717 tunica:
893 2681 936 2692 —
961 2645 992 2708 3.
1030 2644 1066 2707 ln
1096 2643 1289 2711 ostiariatu.
1323 2641 1454 2728 apertio

322 2756 448 2842 janua,
479 2757 625 2844 pulsatio
654 2779 911 2844 campanarum
951 2798 993 2804 —
1023 2759 1054 2821 i.
1091 2757 1128 2821 ln
1157 2757 1262 2843 prima
1299 2763 1449 2824 tonsura.

327 2871 559 2958 pronuntiatio
584 2870 737 2934 formula·
763 2871 928 2936 Dominus
948 2895 1032 2957 pars·
1055 2871 1292 2958 abepiscopo,
1316 2869 1453 2956 imposi-
1484 2872 1490 2884 '

328 2985 374 3050 tio
391 2984 637 3072 superpellicei.

541 3261 612 3330 §a
634 3261 687 3317 lte
708 3261 819 3316 niodo
842 3261 1042 3332 reparandi
1063 3260 1238 3317 deiectus.

372 3497 468 3565 303.
489 3538 532 3545 -
550 3499 607 3565 De
634 3505 822 3584 temporo.
844 3537 886 3543 -
913 3497 1009 3560 Circa
1038 3504 1188 3582 tempora
1215 3494 1339 3582 quibus
1360 3515 1455 3580 repa-

327 3611 394 3674 rari
409 3611 540 3699 possint
555 3611 707 3676 defectus
728 3611 992 3683 ordinationum,
1015 3610 1294 3696 distinguendum
1315 3615 1368 3671 est
1392 3625 1399 3671 :

374 3729 408 3788 10
427 3725 461 3790 Si
493 3726 639 3790 ‹nnissus
671 3725 772 3789 fuerit
801 3725 886 3788 ritus
912 3724 1108 3796 essentialis,
1140 3747 1173 3786 v.
1203 3747 1252 3810 g..
1282 3721 1456 3808 impositio

329 3861 490 3902 manuum
516 3839 550 3902 in
570 3837 806 3926 presbyteratu
833 3839 888 3902 vel
915 3837 1110 3909 diaconatu,
1134 3835 1285 3901 defectus
1305 3835 1453 3922 reparari

329 3953 447 4039 nequit
475 3951 540 4016 nisi
565 3953 599 4014 in
631 3953 768 4016 statutis
799 3950 1006 4039 temporibus
1040 3975 1099 4039 pro
1124 3949 1304 4014 collatione.
1333 3949 1454 4012 horum

328 4067 495 4131 ordinum.
524 4107 566 4113 -
593 4066 738 4131 Constat
764 4067 853 4130 clare
880 4089 953 4153 cap.
977 4066 1174 4148 Presbyter,
1203 4065 1234 4144 3,
1267 4065 1316 4127 Dn
1344 4083 1456 4126 sacas·

360 4269 369 4302 ¹
387 4271 453 4318 Acta
468 4269 493 4316 S.
507 4269 592 4326 Sedis,
609 4273 628 4317 t.
643 4285 736 4328 xxxin,
752 4285 778 4331 p.
795 4273 849 4316 art.
