3290 5060
311 473 345 528 'lb
577 473 621 524 DE
640 473 778 526 LEGIBUS
797 472 912 524 SACRAE
931 469 1170 524 onnlnanonls

310 623 363 678 tur
385 615 425 677 ab
445 614 600 690 Ecclesia,
623 613 727 676 aalide
748 612 915 693 ordinare,·
937 613 990 675 sed
1013 609 1226 674 controversia
1250 607 1435 668 movebatur

310 721 506 804 potissimum
527 720 566 781 de
588 719 743 782 haereticis
765 719 938 798 damnatis,
964 717 1013 779 vel
1037 715 1232 800 depredatis.
1261 716 1366 776 Porro
1381 712 1433 772 alii

310 827 454 888 dicebant
473 848 525 888 eos
541 825 681 888 invalide
695 824 862 905 ordinare,·
876 825 928 886 alii
947 823 1052 886 aalide
1071 832 1101 885 et
1122 821 1226 902 licite,·
1242 825 1294 885 alii
1313 820 1432 900 aalide,

311 954 373 994 non
395 932 498 1012 licite,·
519 932 571 994 alii
593 932 719 992 demum
738 931 972 1013 distinguebant
990 931 1074 991 inter
1092 951 1145 991 eos
1165 930 1218 1012 qui
1237 929 1271 990 in
1287 929 1434 992 Ecclesia

310 1039 483 1099 consecrati
500 1044 604 1112 erant,
621 1045 652 1098 et
671 1058 724 1098 eos
742 1037 795 1119 qui
813 1035 909 1118 soria,
927 1056 1038 1116 nempe
1049 1035 1088 1096 ab
1101 1035 1255 1094 haereticis
1268 1035 1432 1105 damnatis,

310 1141 434 1203 lucrant
457 1142 610 1218 ordinati3
633 1163 767 1226 quorum
795 1142 914 1224 priores
938 1139 1057 1218 aalide,
1084 1139 1273 1222 posteriores
1296 1138 1434 1200 invalide

310 1245 454 1308 ordinare
472 1247 631 1308 tenebant.
654 1247 739 1307 Nulli
758 1253 862 1307 autem
884 1245 1047 1306 sententiae
1067 1245 1205 1305 adhaeret
1228 1243 1432 1305 Lombardns.

286 1335 349 1396 '-
373 1352 453 1412 Cum
477 1360 581 1414 autem
610 1353 771 1414 simoniaci
799 1353 882 1412 inter
909 1351 1073 1412 haereticos
1099 1356 1371 1431 computarentur,
1398 1359 1434 1409 ut

310 1479 454 1539 expresse
476 1460 520 1520 ait
539 1458 748 1532 LombarduS,
773 1456 866 1537 ibid,
888 1478 919 1517 n.
941 1457 975 1532 4,
997 1455 1135 1538 praelatae
1154 1455 1317 1537 opiniones
1339 1456 1432 1516 etiam

310 1563 487 1625 simoniacis
497 1563 745 1645 applicabantur.
758 1564 841 1638 lmo,
853 1584 892 1623 ex
907 1583 1000 1643 supra
1011 1561 1109 1622 relato
1124 1561 1241 1621 Urbani
1253 1561 1282 1619 ll
1294 1560 1431 1634 decreto,

309 1670 347 1729 de
359 1669 510 1730 Daiberto
521 1669 669 1744 diacono,
681 1667 766 1750 quod
777 1689 840 1729 non
851 1668 983 1728 obscure
993 1667 1106 1747 allegat
1117 1665 1324 1739 Lombardus,
1338 1664 1430 1742 ibid„

310 1796 340 1834 n.
357 1774 395 1848 5,
413 1773 464 1835 hic
479 1781 565 1834 tenet
580 1773 808 1836 ordinationem
824 1772 943 1848 clerici,
960 1772 1014 1854 qui
1029 1793 1061 1832 se
1076 1770 1212 1832 scienter
1226 1771 1400 1852 permiserit
1415 1791 1431 1830 a

309 1880 479 1940 simoniaco
494 1879 648 1955 ordinari,
665 1899 732 1940 esse
747 1877 875 1940 omnino
891 1877 1018 1940 irritam
1030 1878 1051 1938 ¹.

348 1987 381 2044 20
397 1984 580 2063 Gratianus,
598 1984 682 2045 Dict.
704 1993 776 2045 ante
796 2005 865 2045 can.
882 1982 1082 2061 Daibertnm,
1100 1983 1150 2057 al,
1170 1982 1262 2043 Caua.
1280 1981 1307 2054 l,
1323 2003 1353 2062 q.
1375 2001 1430 2056 vn,

308 2089 440 2171 loquens
450 2089 488 2149 de
500 2088 644 2150 diaconis
659 2088 816 2151 ordinatis
828 2088 871 2150 ab
885 2087 1044 2150 hereticis
1049 2135 1058 2166 ,
1075 2087 1168 2148 docet
1184 2107 1291 2148 eorum
1309 2087 1431 2146 ordina-

307 2195 425 2254 tionem
440 2195 546 2256 iterari
558 2195 691 2255 debere:
711 2221 725 2251 «
741 2195 782 2255 Hi
797 2194 958 2276 (diaconi),
975 2193 1118 2276 quamvis
1131 2192 1170 2253 ab
1182 2192 1336 2252 haereticis
1350 2190 1431 2250 ordi-

308 2307 433 2374 nentur,
449 2307 553 2360 tamen
568 2301 606 2362 ad
623 2300 791 2361 Ecclesiam
807 2300 987 2374 redeuntes,
1005 2299 1039 2360 in
1051 2298 1159 2360 eodem
1173 2297 1298 2376 ordine,
1317 2299 1341 2357 si
1356 2297 1430 2357 alias

307 2404 392 2485 digni
413 2405 545 2478 fuerint,
566 2403 608 2466 ab
626 2405 772 2467 Ecclesia
791 2403 1000 2483 ordinentur,·
1020 2426 1076 2465 nec
1095 2405 1148 2464 fiet
1167 2405 1198 2462 in
1214 2405 1257 2463 cis
1272 2403 1430 2463 reiteratio

306 2510 459 2586 muneris,
476 2532 547 2571 cum
567 2511 606 2570 ab
625 2510 780 2572 hereticis
800 2511 878 2571 nihil
897 2512 1047 2572 doceatur
1061 2510 1105 2570 cis
1121 2509 1216 2570 luisse
1234 2508 1393 2571 collatum.
1415 2533 1428 2563 n

244 2679 247 2685 ,
347 2615 518 2696 Hucusque
533 2615 614 2676 facta
629 2615 787 2677 historica.

668 2891 711 2958 ΙΙ.
739 2893 904 2959 Docrnma
928 2913 1073 2957 renense

350 3119 417 3190 26·
430 3159 475 3170 -
488 3120 727 3208 PropositiO.
740 3161 784 3170 —
804 3123 945 3187 Certum
964 3129 1012 3186 est
1032 3121 1259 3186 ordinationes
1273 3127 1428 3205 peractae

304 3235 541 3321 abepiscopo,
568 3236 670 3300 etiam
698 3235 868 3320 haeretico,
894 3235 1124 3320 schismatico,
1152 3236 1300 3316 intruso,
1325 3233 1426 3298 aimo-

305 3349 410 3434 niacO,
437 3349 638 3434 depredato,
661 3371 727 3414 csse
751 3349 895 3434 validae,
922 3358 954 3414 ct
971 3349 1117 3435 proinde
1142 3353 1237 3434 nefas
1260 3369 1327 3412 case
1352 3345 1428 3410 illas

304 3464 438 3529 iterare.
465 3499 510 3512 -
538 3461 699 3550 Suppono
725 3461 920 3528 ministrum
948 3461 1142 3527 adhibuisse
1170 3461 1284 3526 omnia
1310 3481 1426 3525 essen-

302 3575 396 3641 tialia
411 3599 486 3664 quae
505 3576 548 3642 ad
567 3583 816 3642 sacramentum
832 3576 1079 3642 conficiendum
1097 3577 1285 3664 pertinent,
1305 3597 1425 3662 nempe

302 3689 479 3754 materiam
502 3697 537 3755 et
560 3689 704 3755 formam
728 3689 894 3774 debitam,
916 3695 950 3756 et
973 3690 1111 3777 insuper
1133 3688 1293 3754 habuisse
1316 3687 1426 3752 inten-

301 3803 430 3868 tionem
449 3803 571 3868 saltem
585 3802 731 3868 faciendi
750 3803 841 3892 quod
855 3803 936 3869 lacit
951 3802 1122 3880 Ecclesia;
1141 3803 1239 3868 aliter
1258 3801 1425 3866 ordinatio

301 3915 451 3982 invalida
470 3923 576 4000 esset,
599 3939 667 3981 non
687 3924 845 4005 exparte
863 3916 1025 3999 ministri,
1048 3916 1108 3982 sed
1127 3939 1168 3982 ex
1187 3915 1321 3981 defectu
1340 3915 1424 3979 ritus

300 4035 360 4096 aut
378 4029 590 4096 intentionis.
609 4029 774 4096 Cf.‘conc.
793 4031 898 4114 Trid.,
921 4053 995 4096 can.
1015 4034 1068 4114 ll,
1092 4029 1145 4113 12,
1168 4053 1251 4095 sess.
1270 4027 1351 4110 Vll,
1373 4028 1424 4092 Da

332 4207 341 4241 ¹
359 4207 462 4256 Similia
481 4207 567 4257 habes
588 4208 661 4271 apud
683 4207 850 4270 Bandinum,
871 4207 954 4268 Sene,
977 4209 1024 4257 lib.
1045 4207 1092 4269 lv,
1112 4207 1176 4258 dist.
1197 4207 1300 4269 XXlV;
1321 4207 1421 4270 Migne,

300 4285 329 4334 P.
345 4286 385 4346 ln,
400 4289 421 4336 t.
437 4301 519 4347 cxcn,
535 4287 588 4339 col.
604 4291 673 4336 1105.
