<?xml version="1.0" encoding="UTF-8"?>
<!DOCTYPE html PUBLIC "-//W3C//DTD XHTML 1.0 Transitional//EN"
    "http://www.w3.org/TR/xhtml1/DTD/xhtml1-transitional.dtd">
<html xmlns="http://www.w3.org/1999/xhtml" xml:lang="en" lang="en">
 <head>
  <title>
</title>
<meta http-equiv="Content-Type" content="text/html;charset=utf-8" />
  <meta name='ocr-system' content='tesseract 3.04.00' />
  <meta name='ocr-capabilities' content='ocr_page ocr_carea ocr_par ocr_line ocrx_word'/>
</head>
<body>
  <div class='ocr_page' id='page_1' title='image "./praelectionesde00manygoog_0344.png"; bbox 0 0 3316 5052; ppageno 0'>
   <div class='ocr_carea' id='block_1_1' title="bbox 424 447 1314 508">
    <p class='ocr_par' dir='ltr' id='par_1_1' title="bbox 424 447 1314 508">
     <span class='ocr_line' id='line_1_1' title="bbox 424 447 1314 508; baseline 0 -10"><span class='ocrx_word' id='word_1_1' title='bbox 424 449 468 498; x_wconf 85' lang='lat' dir='ltr'><strong>DE</strong></span> <span class='ocrx_word' id='word_1_2' title='bbox 488 447 750 508; x_wconf 76' lang='lat' dir='ltr'>PIIAEIIEQUISITIS</span> <span class='ocrx_word' id='word_1_3' title='bbox 769 447 813 498; x_wconf 75' lang='lat' dir='ltr'><strong>AD</strong></span> <span class='ocrx_word' id='word_1_4' title='bbox 833 449 1086 500; x_wconf 75' lang='lat' dir='ltr'>ORDINATIONEII</span> <span class='ocrx_word' id='word_1_5' title='bbox 1266 447 1314 500; x_wconf 75' lang='lat'><strong>331</strong></span> 
     </span>
    </p>
   </div>
   <div class='ocr_carea' id='block_1_2' title="bbox 190 571 1319 1507">
    <p class='ocr_par' dir='ltr' id='par_1_2' title="bbox 190 571 1317 985">
     <span class='ocr_line' id='line_1_2' title="bbox 191 571 1317 672; baseline 0 -22"><span class='ocrx_word' id='word_1_6' title='bbox 191 590 361 672; x_wconf 82' lang='lat' dir='ltr'>subscripsi</span> <span class='ocrx_word' id='word_1_7' title='bbox 373 591 394 650; x_wconf 84' lang='lat'><strong>¹.</strong></span> <span class='ocrx_word' id='word_1_8' title='bbox 413 616 428 646; x_wconf 87' lang='lat'>»</span> <span class='ocrx_word' id='word_1_9' title='bbox 443 591 483 650; x_wconf 88' lang='lat' dir='ltr'><strong>Et</strong></span> <span class='ocrx_word' id='word_1_10' title='bbox 495 571 539 650; x_wconf 85' lang='lat' dir='ltr'><strong>sic¹</strong></span> <span class='ocrx_word' id='word_1_11' title='bbox 554 590 701 671; x_wconf 86' lang='lat' dir='ltr'>deinceps</span> <span class='ocrx_word' id='word_1_12' title='bbox 715 591 854 651; x_wconf 70' lang='lat' dir='ltr'><strong>ecelesiae</strong></span> <span class='ocrx_word' id='word_1_13' title='bbox 868 612 949 672; x_wconf 70' lang='lat' dir='ltr'><strong>seepe</strong></span> <span class='ocrx_word' id='word_1_14' title='bbox 965 599 1118 652; x_wconf 85' lang='lat' dir='ltr'><strong>vocantur</strong></span> <span class='ocrx_word' id='word_1_15' title='bbox 1133 589 1222 651; x_wconf 84' lang='lat' dir='ltr'><strong>tituli</strong></span> <span class='ocrx_word' id='word_1_16' title='bbox 1227 639 1234 663; x_wconf 95' lang='lat'><strong>,</strong></span> <span class='ocrx_word' id='word_1_17' title='bbox 1252 591 1317 650; x_wconf 90' lang='lat' dir='ltr'><strong>sive</strong></span> 
     </span>
     <span class='ocr_line' id='line_1_3' title="bbox 190 694 1317 774; baseline 0.001 -20"><span class='ocrx_word' id='word_1_18' title='bbox 190 694 223 754; x_wconf 89' lang='lat' dir='ltr'><strong>in</strong></span> <span class='ocrx_word' id='word_1_19' title='bbox 246 694 344 766; x_wconf 91' lang='lat' dir='ltr'><strong>Urbe,</strong></span> <span class='ocrx_word' id='word_1_20' title='bbox 361 696 426 755; x_wconf 87' lang='lat' dir='ltr'><strong>sive</strong></span> <span class='ocrx_word' id='word_1_21' title='bbox 447 703 550 766; x_wconf 79' lang='lat' dir='ltr'><strong>extra,</strong></span> <span class='ocrx_word' id='word_1_22' title='bbox 568 715 597 755; x_wconf 85' lang='lat' dir='ltr'><strong>v.</strong></span> <span class='ocrx_word' id='word_1_23' title='bbox 616 717 659 774; x_wconf 84' lang='lat' dir='ltr'><strong>g.,</strong></span> <span class='ocrx_word' id='word_1_24' title='bbox 677 695 708 753; x_wconf 95' lang='lat' dir='ltr'><strong>in</strong></span> <span class='ocrx_word' id='word_1_25' title='bbox 725 695 859 756; x_wconf 91' lang='lat' dir='ltr'><strong>coneilio</strong></span> <span class='ocrx_word' id='word_1_26' title='bbox 879 717 895 756; x_wconf 84' lang='lat' dir='ltr'>a</span> <span class='ocrx_word' id='word_1_27' title='bbox 914 696 946 755; x_wconf 91' lang='lat' dir='ltr'><strong>S.</strong></span> <span class='ocrx_word' id='word_1_28' title='bbox 965 695 1127 756; x_wconf 84' lang='lat' dir='ltr'><strong>Bonisncio</strong></span> <span class='ocrx_word' id='word_1_29' title='bbox 1143 695 1317 768; x_wconf 84' lang='lat' dir='ltr'><strong>celebret0,</strong></span> 
     </span>
     <span class='ocr_line' id='line_1_4' title="bbox 191 797 1316 880; baseline 0 -23"><span class='ocrx_word' id='word_1_30' title='bbox 191 799 274 858; x_wconf 81' lang='lat' dir='ltr'><strong>circa</strong></span> <span class='ocrx_word' id='word_1_31' title='bbox 300 819 351 860; x_wconf 83' lang='lat' dir='ltr'><strong>an.</strong></span> <span class='ocrx_word' id='word_1_32' title='bbox 378 799 453 872; x_wconf 80' lang='lat'><strong>745,</strong></span> <span class='ocrx_word' id='word_1_33' title='bbox 474 819 543 859; x_wconf 85' lang='lat' dir='ltr'><strong>can.</strong></span> <span class='ocrx_word' id='word_1_34' title='bbox 569 799 636 877; x_wconf 58' lang='lat'><strong>5²,</strong></span> <span class='ocrx_word' id='word_1_35' title='bbox 652 835 690 844; x_wconf 96' lang='lat'>-</span> <span class='ocrx_word' id='word_1_36' title='bbox 714 799 745 858; x_wconf 92' lang='lat' dir='ltr'><strong>in</strong></span> <span class='ocrx_word' id='word_1_37' title='bbox 765 797 874 860; x_wconf 84' lang='lat' dir='ltr'><strong>Libris</strong></span> <span class='ocrx_word' id='word_1_38' title='bbox 894 798 1138 880; x_wconf 74' lang='lat' dir='ltr'><strong>capitularium,</strong></span> <span class='ocrx_word' id='word_1_39' title='bbox 1163 799 1217 859; x_wconf 92' lang='lat' dir='ltr'><strong>lib.</strong></span> <span class='ocrx_word' id='word_1_40' title='bbox 1239 798 1316 870; x_wconf 88' lang='lat' dir='ltr'><strong>VII,</strong></span> 
     </span>
     <span class='ocr_line' id='line_1_5' title="bbox 191 903 747 985; baseline 0.002 -22"><span class='ocrx_word' id='word_1_41' title='bbox 191 923 260 984; x_wconf 83' lang='lat' dir='ltr'><strong>cap.</strong></span> <span class='ocrx_word' id='word_1_42' title='bbox 277 903 351 977; x_wconf 71' lang='lat'>‘2493</span> <span class='ocrx_word' id='word_1_43' title='bbox 368 904 497 964; x_wconf 90' lang='lat' dir='ltr'><strong>Additio</strong></span> <span class='ocrx_word' id='word_1_44' title='bbox 515 904 576 978; x_wconf 87' lang='lat' dir='ltr'><strong>III,</strong></span> <span class='ocrx_word' id='word_1_45' title='bbox 593 925 661 985; x_wconf 86' lang='lat' dir='ltr'><strong>cap.</strong></span> <span class='ocrx_word' id='word_1_46' title='bbox 677 903 747 964; x_wconf 81' lang='lat'><strong>82³.</strong></span> 
     </span>
    </p>

    <p class='ocr_par' dir='ltr' id='par_1_3' title="bbox 192 1007 1319 1507">
     <span class='ocr_line' id='line_1_6' title="bbox 232 1007 1317 1090; baseline 0 -24"><span class='ocrx_word' id='word_1_47' title='bbox 232 1011 263 1066; x_wconf 81' lang='lat'><strong>2⁰</strong></span> <span class='ocrx_word' id='word_1_48' title='bbox 283 1009 363 1068; x_wconf 91' lang='lat' dir='ltr'><strong>Cum</strong></span> <span class='ocrx_word' id='word_1_49' title='bbox 384 1029 458 1088; x_wconf 85' lang='lat' dir='ltr'><strong>ergo</strong></span> <span class='ocrx_word' id='word_1_50' title='bbox 478 1008 666 1088; x_wconf 78' lang='lat' dir='ltr'><strong>presbyteri,</strong></span> <span class='ocrx_word' id='word_1_51' title='bbox 687 1007 827 1080; x_wconf 82' lang='lat' dir='ltr'><strong>diaconi,</strong></span> <span class='ocrx_word' id='word_1_52' title='bbox 848 1017 922 1080; x_wconf 78' lang='lat' dir='ltr'><strong>etc,</strong></span> <span class='ocrx_word' id='word_1_53' title='bbox 946 1009 1166 1068; x_wconf 79' lang='lat' dir='ltr'><strong>ordinarentur</strong></span> <span class='ocrx_word' id='word_1_54' title='bbox 1186 1031 1243 1090; x_wconf 91' lang='lat' dir='ltr'><strong>pro</strong></span> <span class='ocrx_word' id='word_1_55' title='bbox 1264 1008 1317 1068; x_wconf 85' lang='lat' dir='ltr'><strong>teli</strong></span> 
     </span>
     <span class='ocr_line' id='line_1_7' title="bbox 192 1111 1318 1193; baseline -0.001 -20"><span class='ocrx_word' id='word_1_56' title='bbox 192 1113 320 1174; x_wconf 87' lang='lat' dir='ltr'><strong>ecclesia</strong></span> <span class='ocrx_word' id='word_1_57' title='bbox 337 1133 390 1172; x_wconf 92' lang='lat' dir='ltr'><strong>seu</strong></span> <span class='ocrx_word' id='word_1_58' title='bbox 405 1113 513 1190; x_wconf 85' lang='lat' dir='ltr'><strong>titulo,</strong></span> <span class='ocrx_word' id='word_1_59' title='bbox 531 1112 715 1173; x_wconf 72' lang='lat' dir='ltr'><strong>dicebantur</strong></span> <span class='ocrx_word' id='word_1_60' title='bbox 734 1111 856 1173; x_wconf 77' lang='lat' dir='ltr'><strong>titulati</strong></span> <span class='ocrx_word' id='word_1_61' title='bbox 869 1113 917 1172; x_wconf 90' lang='lat' dir='ltr'><strong>vel</strong></span> <span class='ocrx_word' id='word_1_62' title='bbox 934 1112 1129 1193; x_wconf 71' lang='lat' dir='ltr'><strong>pretitulati</strong></span> <span class='ocrx_word' id='word_1_63' title='bbox 1146 1114 1176 1172; x_wconf 95' lang='lat' dir='ltr'><strong>in</strong></span> <span class='ocrx_word' id='word_1_64' title='bbox 1195 1113 1252 1172; x_wconf 85' lang='lat' dir='ltr'><strong>hec</strong></span> <span class='ocrx_word' id='word_1_65' title='bbox 1268 1133 1318 1172; x_wconf 89' lang='lat' dir='ltr'><strong>ec-</strong></span> 
     </span>
     <span class='ocr_line' id='line_1_8' title="bbox 193 1216 1319 1293; baseline -0.004 -13"><span class='ocrx_word' id='word_1_66' title='bbox 193 1219 324 1292; x_wconf 87' lang='lat' dir='ltr'><strong>clesia⁴;</strong></span> <span class='ocrx_word' id='word_1_67' title='bbox 348 1217 422 1277; x_wconf 90' lang='lat' dir='ltr'><strong>hinc</strong></span> <span class='ocrx_word' id='word_1_68' title='bbox 446 1219 538 1277; x_wconf 83' lang='lat' dir='ltr'><strong>etiem</strong></span> <span class='ocrx_word' id='word_1_69' title='bbox 563 1217 749 1278; x_wconf 80' lang='lat' dir='ltr'><strong>dicebantur</strong></span> <span class='ocrx_word' id='word_1_70' title='bbox 768 1217 904 1278; x_wconf 81' lang='lat' dir='ltr'><strong>ordinari</strong></span> <span class='ocrx_word' id='word_1_71' title='bbox 926 1217 968 1279; x_wconf 81' lang='lat' dir='ltr'><strong>ed</strong></span> <span class='ocrx_word' id='word_1_72' title='bbox 990 1217 1086 1278; x_wconf 82' lang='lat' dir='ltr'><strong>telem</strong></span> <span class='ocrx_word' id='word_1_73' title='bbox 1108 1217 1253 1293; x_wconf 86' lang='lat' dir='ltr'><strong>titutum,</strong></span> <span class='ocrx_word' id='word_1_74' title='bbox 1276 1216 1319 1276; x_wconf 82' lang='lat' dir='ltr'><strong>ed</strong></span> 
     </span>
     <span class='ocr_line' id='line_1_9' title="bbox 193 1321 1318 1402; baseline -0.004 -18"><span class='ocrx_word' id='word_1_75' title='bbox 193 1323 334 1384; x_wconf 85' lang='lat' dir='ltr'><strong>titulum.</strong></span> <span class='ocrx_word' id='word_1_76' title='bbox 343 1323 394 1383; x_wconf 88' lang='lat' dir='ltr'><strong>Sic</strong></span> <span class='ocrx_word' id='word_1_77' title='bbox 410 1322 541 1402; x_wconf 87' lang='lat' dir='ltr'><strong>legimus</strong></span> <span class='ocrx_word' id='word_1_78' title='bbox 556 1322 588 1380; x_wconf 93' lang='lat' dir='ltr'><strong>in</strong></span> <span class='ocrx_word' id='word_1_79' title='bbox 603 1323 736 1383; x_wconf 92' lang='lat' dir='ltr'><strong>concilio</strong></span> <span class='ocrx_word' id='word_1_80' title='bbox 752 1322 918 1396; x_wconf 86' lang='lat' dir='ltr'><strong>Meldensi,</strong></span> <span class='ocrx_word' id='word_1_81' title='bbox 928 1343 979 1384; x_wconf 83' lang='lat' dir='ltr'><strong>un.</strong></span> <span class='ocrx_word' id='word_1_82' title='bbox 989 1322 1059 1396; x_wconf 75' lang='lat'><strong>845,</strong></span> <span class='ocrx_word' id='word_1_83' title='bbox 1070 1343 1139 1382; x_wconf 84' lang='lat' dir='ltr'><strong>cen.</strong></span> <span class='ocrx_word' id='word_1_84' title='bbox 1150 1322 1208 1380; x_wconf 78' lang='lat'><strong>52:</strong></span> <span class='ocrx_word' id='word_1_85' title='bbox 1228 1345 1241 1376; x_wconf 73' lang='grc' dir='ltr'>α</span> <span class='ocrx_word' id='word_1_86' title='bbox 1258 1321 1318 1388; x_wconf 89' lang='lat' dir='ltr'><strong>Qui</strong></span> 
     </span>
     <span class='ocr_line' id='line_1_10' title="bbox 192 1425 1318 1507; baseline -0.001 -22"><span class='ocrx_word' id='word_1_87' title='bbox 192 1449 267 1488; x_wconf 88' lang='lat' dir='ltr'><strong>vero</strong></span> <span class='ocrx_word' id='word_1_88' title='bbox 289 1449 328 1488; x_wconf 83' lang='lat' dir='ltr'><strong>ex</strong></span> <span class='ocrx_word' id='word_1_89' title='bbox 349 1427 463 1488; x_wconf 91' lang='lat' dir='ltr'><strong>nostris</strong></span> <span class='ocrx_word' id='word_1_90' title='bbox 484 1425 639 1507; x_wconf 83' lang='lat' dir='ltr'><strong>parochiis</strong></span> <span class='ocrx_word' id='word_1_91' title='bbox 657 1434 712 1486; x_wconf 82' lang='lat' dir='ltr'><strong>eut</strong></span> <span class='ocrx_word' id='word_1_92' title='bbox 733 1425 776 1486; x_wconf 78' lang='lat' dir='ltr'><strong>ed</strong></span> <span class='ocrx_word' id='word_1_93' title='bbox 798 1425 927 1486; x_wconf 85' lang='lat' dir='ltr'><strong>titulum</strong></span> <span class='ocrx_word' id='word_1_94' title='bbox 948 1433 1002 1486; x_wconf 86' lang='lat' dir='ltr'><strong>eut</strong></span> <span class='ocrx_word' id='word_1_95' title='bbox 1024 1426 1166 1486; x_wconf 83' lang='lat' dir='ltr'><strong>absolute</strong></span> <span class='ocrx_word' id='word_1_96' title='bbox 1181 1425 1318 1486; x_wconf 82' lang='lat' dir='ltr'><strong>ordinari</strong></span> 
     </span>
    </p>
   </div>
   <div class='ocr_carea' id='block_1_3' title="bbox 192 1529 1319 1823">
    <p class='ocr_par' dir='ltr' id='par_1_4' title="bbox 192 1529 1319 1823">
     <span class='ocr_line' id='line_1_11' title="bbox 193 1529 1318 1613; baseline -0.003 -21"><span class='ocrx_word' id='word_1_97' title='bbox 193 1539 354 1613; x_wconf 88' lang='lat' dir='ltr'><strong>petuntur,</strong></span> <span class='ocrx_word' id='word_1_98' title='bbox 375 1531 554 1592; x_wconf 85' lang='lat' dir='ltr'><strong>nullatenus</strong></span> <span class='ocrx_word' id='word_1_99' title='bbox 574 1531 768 1600; x_wconf 85' lang='lat' dir='ltr'><strong>ordinentur,</strong></span> <span class='ocrx_word' id='word_1_100' title='bbox 788 1532 846 1590; x_wconf 92' lang='lat' dir='ltr'><strong>nisi</strong></span> <span class='ocrx_word' id='word_1_101' title='bbox 865 1539 919 1591; x_wconf 83' lang='lat' dir='ltr'><strong>aut</strong></span> <span class='ocrx_word' id='word_1_102' title='bbox 938 1531 969 1590; x_wconf 95' lang='lat' dir='ltr'><strong>in</strong></span> <span class='ocrx_word' id='word_1_103' title='bbox 989 1531 1072 1592; x_wconf 90' lang='lat' dir='ltr'><strong>clero</strong></span> <span class='ocrx_word' id='word_1_104' title='bbox 1090 1537 1176 1592; x_wconf 88' lang='lat' dir='ltr'><strong>certo</strong></span> <span class='ocrx_word' id='word_1_105' title='bbox 1195 1537 1228 1590; x_wconf 89' lang='lat' dir='ltr'><strong>et</strong></span> <span class='ocrx_word' id='word_1_106' title='bbox 1246 1529 1318 1590; x_wconf 88' lang='lat' dir='ltr'><strong>reli·</strong></span> 
     </span>
     <span class='ocr_line' id='line_1_12' title="bbox 192 1635 1319 1717; baseline -0.004 -19"><span class='ocrx_word' id='word_1_107' title='bbox 192 1638 297 1717; x_wconf 86' lang='lat' dir='ltr'><strong>gioso,</strong></span> <span class='ocrx_word' id='word_1_108' title='bbox 313 1637 363 1696; x_wconf 90' lang='lat' dir='ltr'><strong>vel</strong></span> <span class='ocrx_word' id='word_1_109' title='bbox 378 1638 472 1696; x_wconf 83' lang='lat' dir='ltr'><strong>etium</strong></span> <span class='ocrx_word' id='word_1_110' title='bbox 487 1637 519 1696; x_wconf 92' lang='lat' dir='ltr'><strong>in</strong></span> <span class='ocrx_word' id='word_1_111' title='bbox 536 1636 679 1710; x_wconf 81' lang='lat' dir='ltr'><strong>civitate,</strong></span> <span class='ocrx_word' id='word_1_112' title='bbox 697 1635 805 1696; x_wconf 85' lang='lat' dir='ltr'><strong>saltem</strong></span> <span class='ocrx_word' id='word_1_113' title='bbox 821 1656 885 1695; x_wconf 94' lang='lat' dir='ltr'><strong>uno</strong></span> <span class='ocrx_word' id='word_1_114' title='bbox 899 1657 981 1696; x_wconf 85' lang='lat' dir='ltr'><strong>anno</strong></span> <span class='ocrx_word' id='word_1_115' title='bbox 997 1636 1213 1709; x_wconf 83' lang='lat' dir='ltr'><strong>immorentur,</strong></span> <span class='ocrx_word' id='word_1_116' title='bbox 1230 1641 1266 1694; x_wconf 89' lang='lat' dir='ltr'><strong>ut</strong></span> <span class='ocrx_word' id='word_1_117' title='bbox 1280 1635 1319 1695; x_wconf 90' lang='lat' dir='ltr'><strong>de</strong></span> 
     </span>
     <span class='ocr_line' id='line_1_13' title="bbox 193 1740 1318 1823; baseline -0.004 -23"><span class='ocrx_word' id='word_1_118' title='bbox 193 1743 256 1804; x_wconf 82' lang='lat' dir='ltr'><strong>vite</strong></span> <span class='ocrx_word' id='word_1_119' title='bbox 280 1749 374 1823; x_wconf 83' lang='lat' dir='ltr'><strong>atque</strong></span> <span class='ocrx_word' id='word_1_120' title='bbox 396 1741 537 1802; x_wconf 81' lang='lat' dir='ltr'><strong>doctrina</strong></span> <span class='ocrx_word' id='word_1_121' title='bbox 559 1741 685 1800; x_wconf 88' lang='lat' dir='ltr'><strong>illorum</strong></span> <span class='ocrx_word' id='word_1_122' title='bbox 708 1740 864 1800; x_wconf 84' lang='lat' dir='ltr'><strong>certitudo</strong></span> <span class='ocrx_word' id='word_1_123' title='bbox 884 1740 982 1820; x_wconf 86' lang='lat' dir='ltr'><strong>possit</strong></span> <span class='ocrx_word' id='word_1_124' title='bbox 1004 1741 1142 1818; x_wconf 84' lang='lat' dir='ltr'><strong>agnosci.</strong></span> <span class='ocrx_word' id='word_1_125' title='bbox 1165 1740 1204 1799; x_wconf 87' lang='lat' dir='ltr'><strong>Et</strong></span> <span class='ocrx_word' id='word_1_126' title='bbox 1226 1759 1318 1798; x_wconf 90' lang='lat' dir='ltr'><strong>nemo</strong></span> 
     </span>
    </p>
   </div>
   <div class='ocr_carea' id='block_1_4' title="bbox 192 1845 1318 2026">
    <p class='ocr_par' dir='ltr' id='par_1_5' title="bbox 192 1845 1318 2026">
     <span class='ocr_line' id='line_1_14' title="bbox 192 1845 1318 1928; baseline -0.004 -21"><span class='ocrx_word' id='word_1_127' title='bbox 192 1847 335 1908; x_wconf 85' lang='lat' dir='ltr'><strong>absolute</strong></span> <span class='ocrx_word' id='word_1_128' title='bbox 355 1866 542 1928; x_wconf 85' lang='lat' dir='ltr'><strong>quemquem</strong></span> <span class='ocrx_word' id='word_1_129' title='bbox 563 1845 706 1905; x_wconf 85' lang='lat' dir='ltr'><strong>ordinare</strong></span> <span class='ocrx_word' id='word_1_130' title='bbox 727 1853 910 1926; x_wconf 75' lang='lat' dir='ltr'><strong>preusumat,</strong></span> <span class='ocrx_word' id='word_1_131' title='bbox 931 1845 1013 1905; x_wconf 92' lang='lat' dir='ltr'><strong>sicut</strong></span> <span class='ocrx_word' id='word_1_132' title='bbox 1031 1845 1129 1905; x_wconf 83' lang='lat' dir='ltr'><strong>sancti</strong></span> <span class='ocrx_word' id='word_1_133' title='bbox 1149 1851 1318 1904; x_wconf 83' lang='lat' dir='ltr'><strong>sanxerunt</strong></span> 
     </span>
     <span class='ocr_line' id='line_1_15' title="bbox 192 1947 1316 2026; baseline -0.006 -14"><span class='ocrx_word' id='word_1_134' title='bbox 192 1972 326 2012; x_wconf 79' lang='lat' dir='ltr'><strong>canones</strong></span> <span class='ocrx_word' id='word_1_135' title='bbox 337 1951 360 2012; x_wconf 86' lang='lat'><strong>⁵.</strong></span> <span class='ocrx_word' id='word_1_136' title='bbox 379 1975 393 2006; x_wconf 79' lang='lat' dir='ltr'><strong>n</strong></span> <span class='ocrx_word' id='word_1_137' title='bbox 410 1951 456 2010; x_wconf 79' lang='lat' dir='ltr'><strong>Ite</strong></span> <span class='ocrx_word' id='word_1_138' title='bbox 470 1950 564 2012; x_wconf 87' lang='lat' dir='ltr'><strong>etiem</strong></span> <span class='ocrx_word' id='word_1_139' title='bbox 580 1950 611 2008; x_wconf 90' lang='lat' dir='ltr'><strong>in</strong></span> <span class='ocrx_word' id='word_1_140' title='bbox 626 1971 714 2010; x_wconf 94' lang='lat' dir='ltr'><strong>conc.</strong></span> <span class='ocrx_word' id='word_1_141' title='bbox 731 1949 988 2026; x_wconf 82' lang='lat' dir='ltr'><strong>Cleromontano,</strong></span> <span class='ocrx_word' id='word_1_142' title='bbox 1000 1970 1050 2010; x_wconf 81' lang='lat' dir='ltr'><strong>un.</strong></span> <span class='ocrx_word' id='word_1_143' title='bbox 1069 1949 1155 2022; x_wconf 76' lang='lat'><strong>1095,</strong></span> <span class='ocrx_word' id='word_1_144' title='bbox 1166 1968 1233 2008; x_wconf 80' lang='lat' dir='ltr'><strong>eun.</strong></span> <span class='ocrx_word' id='word_1_145' title='bbox 1246 1948 1282 2006; x_wconf 87' lang='lat'><strong>13</strong></span> <span class='ocrx_word' id='word_1_146' title='bbox 1292 1947 1316 2006; x_wconf 78' lang='lat'><strong>⁶.</strong></span> 
     </span>
    </p>
   </div>
   <div class='ocr_carea' id='block_1_5' title="bbox 193 2169 1383 3510">
    <p class='ocr_par' dir='ltr' id='par_1_6' title="bbox 193 2169 1383 3510">
     <span class='ocr_line' id='line_1_16' title="bbox 233 2169 1317 2249; baseline -0.008 -14"><span class='ocrx_word' id='word_1_147' title='bbox 233 2171 507 2235; x_wconf 72' lang='lat' dir='ltr'><strong>1³3.—uotiva</strong></span> <span class='ocrx_word' id='word_1_148' title='bbox 520 2171 614 2249; x_wconf 77' lang='lat' dir='ltr'><strong>legis</strong></span> <span class='ocrx_word' id='word_1_149' title='bbox 626 2171 980 2232; x_wconf 50' lang='lat' dir='ltr'><strong>chalcedonensium</strong></span> <span class='ocrx_word' id='word_1_150' title='bbox 994 2171 1066 2230; x_wconf 90' lang='lat' dir='ltr'><strong>Duo</strong></span> <span class='ocrx_word' id='word_1_151' title='bbox 1080 2177 1153 2230; x_wconf 90' lang='lat' dir='ltr'><strong>sunt</strong></span> <span class='ocrx_word' id='word_1_152' title='bbox 1169 2169 1317 2249; x_wconf 81' lang='lat' dir='ltr'><strong>praecipui</strong></span> 
     </span>
     <span class='ocr_line' id='line_1_17' title="bbox 193 2271 1318 2355; baseline -0.004 -21"><span class='ocrx_word' id='word_1_153' title='bbox 193 2275 269 2336; x_wconf 84' lang='lat' dir='ltr'><strong>fines</strong></span> <span class='ocrx_word' id='word_1_154' title='bbox 282 2271 410 2336; x_wconf 82' lang='lat' dir='ltr'><strong>canonis</strong></span> <span class='ocrx_word' id='word_1_155' title='bbox 419 2275 699 2336; x_wconf 84' lang='lat' dir='ltr'><strong>Chalcedonensis:</strong></span> <span class='ocrx_word' id='word_1_156' title='bbox 717 2275 802 2355; x_wconf 90' lang='lat' dir='ltr'><strong>prior</strong></span> <span class='ocrx_word' id='word_1_157' title='bbox 817 2295 940 2355; x_wconf 83' lang='lat' dir='ltr'><strong>nempe,</strong></span> <span class='ocrx_word' id='word_1_158' title='bbox 951 2282 985 2334; x_wconf 91' lang='lat' dir='ltr'><strong>ut</strong></span> <span class='ocrx_word' id='word_1_159' title='bbox 999 2273 1102 2334; x_wconf 89' lang='lat' dir='ltr'><strong>clerici</strong></span> <span class='ocrx_word' id='word_1_160' title='bbox 1116 2294 1179 2333; x_wconf 91' lang='lat' dir='ltr'><strong>non</strong></span> <span class='ocrx_word' id='word_1_161' title='bbox 1192 2272 1318 2333; x_wconf 87' lang='lat' dir='ltr'><strong>incertis</strong></span> 
     </span>
     <span class='ocr_line' id='line_1_18' title="bbox 194 2353 1383 2460; baseline -0.003 -22"><span class='ocrx_word' id='word_1_162' title='bbox 194 2389 346 2460; x_wconf 79' lang='lat' dir='ltr'><strong>vagentur</strong></span> <span class='ocrx_word' id='word_1_163' title='bbox 363 2379 505 2452; x_wconf 86' lang='lat' dir='ltr'><strong>sedibus,</strong></span> <span class='ocrx_word' id='word_1_164' title='bbox 521 2386 576 2439; x_wconf 86' lang='lat' dir='ltr'><strong>aut</strong></span> <span class='ocrx_word' id='word_1_165' title='bbox 596 2379 691 2440; x_wconf 86' lang='lat' dir='ltr'><strong>vitam</strong></span> <span class='ocrx_word' id='word_1_166' title='bbox 709 2379 774 2438; x_wconf 93' lang='lat' dir='ltr'><strong>otio</strong></span> <span class='ocrx_word' id='word_1_167' title='bbox 795 2387 912 2451; x_wconf 82' lang='lat' dir='ltr'><strong>terant,</strong></span> <span class='ocrx_word' id='word_1_168' title='bbox 932 2378 985 2438; x_wconf 88' lang='lat' dir='ltr'><strong>sed</strong></span> <span class='ocrx_word' id='word_1_169' title='bbox 1005 2353 1160 2438; x_wconf 71' lang='lat' dir='ltr'><strong>resideant</strong></span> <span class='ocrx_word' id='word_1_170' title='bbox 1180 2385 1211 2438; x_wconf 89' lang='lat' dir='ltr'><strong>et</strong></span> <span class='ocrx_word' id='word_1_171' title='bbox 1231 2377 1318 2436; x_wconf 84' lang='lat' dir='ltr'><strong>Iebo·</strong></span> <span class='ocrx_word' id='word_1_172' title='bbox 1380 2419 1383 2425; x_wconf 87' lang='lat'><em>-</em></span> 
     </span>
     <span class='ocr_line' id='line_1_19' title="bbox 193 2483 1319 2562; baseline -0.005 -17"><span class='ocrx_word' id='word_1_173' title='bbox 193 2491 263 2546; x_wconf 83' lang='lat' dir='ltr'><strong>rent</strong></span> <span class='ocrx_word' id='word_1_174' title='bbox 281 2486 314 2544; x_wconf 92' lang='lat' dir='ltr'><strong>in</strong></span> <span class='ocrx_word' id='word_1_175' title='bbox 334 2484 463 2545; x_wconf 82' lang='lat' dir='ltr'><strong>ecclesie</strong></span> <span class='ocrx_word' id='word_1_176' title='bbox 481 2491 564 2544; x_wconf 84' lang='lat' dir='ltr'><strong>certa</strong></span> <span class='ocrx_word' id='word_1_177' title='bbox 584 2491 616 2544; x_wconf 87' lang='lat' dir='ltr'><strong>et</strong></span> <span class='ocrx_word' id='word_1_178' title='bbox 635 2483 856 2554; x_wconf 72' lang='lat' dir='ltr'><strong>determinata,</strong></span> <span class='ocrx_word' id='word_1_179' title='bbox 874 2483 927 2543; x_wconf 92' lang='lat' dir='ltr'><strong>ubi</strong></span> <span class='ocrx_word' id='word_1_180' title='bbox 947 2483 1011 2542; x_wconf 88' lang='lat' dir='ltr'><strong>suis</strong></span> <span class='ocrx_word' id='word_1_181' title='bbox 1026 2483 1197 2562; x_wconf 81' lang='lat' dir='ltr'><strong>fungentur</strong></span> <span class='ocrx_word' id='word_1_182' title='bbox 1212 2501 1319 2540; x_wconf 90' lang='lat' dir='ltr'><strong>mune·</strong></span> 
     </span>
     <span class='ocr_line' id='line_1_20' title="bbox 194 2588 1317 2669; baseline -0.005 -19"><span class='ocrx_word' id='word_1_183' title='bbox 194 2591 295 2664; x_wconf 88' lang='lat' dir='ltr'><strong>ribus,</strong></span> <span class='ocrx_word' id='word_1_184' title='bbox 319 2599 351 2650; x_wconf 91' lang='lat' dir='ltr'><strong>et</strong></span> <span class='ocrx_word' id='word_1_185' title='bbox 371 2591 464 2650; x_wconf 81' lang='lat' dir='ltr'><strong>etiarn</strong></span> <span class='ocrx_word' id='word_1_186' title='bbox 489 2590 527 2649; x_wconf 91' lang='lat' dir='ltr'><strong>de</strong></span> <span class='ocrx_word' id='word_1_187' title='bbox 550 2589 647 2668; x_wconf 79' lang='lat' dir='ltr'><strong>gradu</strong></span> <span class='ocrx_word' id='word_1_188' title='bbox 668 2590 701 2648; x_wconf 91' lang='lat' dir='ltr'><strong>in</strong></span> <span class='ocrx_word' id='word_1_189' title='bbox 722 2588 852 2666; x_wconf 81' lang='lat' dir='ltr'><strong>gradum</strong></span> <span class='ocrx_word' id='word_1_190' title='bbox 879 2588 1045 2649; x_wconf 82' lang='lat' dir='ltr'><strong>ascendere</strong></span> <span class='ocrx_word' id='word_1_191' title='bbox 1065 2588 1201 2669; x_wconf 89' lang='lat' dir='ltr'><strong>possint;</strong></span> <span class='ocrx_word' id='word_1_192' title='bbox 1226 2605 1317 2667; x_wconf 88' lang='lat' dir='ltr'><strong>quem</strong></span> 
     </span>
     <span class='ocr_line' id='line_1_21' title="bbox 193 2690 1318 2776; baseline -0.004 -22"><span class='ocrx_word' id='word_1_193' title='bbox 193 2695 369 2776; x_wconf 76' lang='lat' dir='ltr'><strong>gravissimi</strong></span> <span class='ocrx_word' id='word_1_194' title='bbox 389 2694 538 2754; x_wconf 89' lang='lat' dir='ltr'><strong>momenti</strong></span> <span class='ocrx_word' id='word_1_195' title='bbox 562 2695 655 2754; x_wconf 82' lang='lat' dir='ltr'><strong>tinem</strong></span> <span class='ocrx_word' id='word_1_196' title='bbox 677 2693 814 2754; x_wconf 86' lang='lat' dir='ltr'><strong>declarat</strong></span> <span class='ocrx_word' id='word_1_197' title='bbox 834 2693 1001 2754; x_wconf 91' lang='lat' dir='ltr'><strong>concilium</strong></span> <span class='ocrx_word' id='word_1_198' title='bbox 1023 2692 1122 2765; x_wconf 90' lang='lat' dir='ltr'><strong>Trid.,</strong></span> <span class='ocrx_word' id='word_1_199' title='bbox 1145 2712 1213 2772; x_wconf 80' lang='lat' dir='ltr'><strong>cup.</strong></span> <span class='ocrx_word' id='word_1_200' title='bbox 1239 2690 1318 2750; x_wconf 84' lang='lat' dir='ltr'><strong>Cum</strong></span> 
     </span>
     <span class='ocr_line' id='line_1_22' title="bbox 196 2794 1319 2876; baseline -0.004 -15"><span class='ocrx_word' id='word_1_201' title='bbox 196 2800 316 2876; x_wconf 74' lang='lat' dir='ltr'><strong>nullus,</strong></span> <span class='ocrx_word' id='word_1_202' title='bbox 336 2801 383 2872; x_wconf 90' lang='grc'><strong>16,</strong></span> <span class='ocrx_word' id='word_1_203' title='bbox 398 2819 473 2858; x_wconf 87' lang='lat' dir='ltr'><strong>sess.</strong></span> <span class='ocrx_word' id='word_1_204' title='bbox 484 2797 602 2872; x_wconf 84' lang='lat' dir='ltr'>XXIII,</span> <span class='ocrx_word' id='word_1_205' title='bbox 619 2799 666 2858; x_wconf 84' lang='lat' dir='ltr'><strong>De</strong></span> <span class='ocrx_word' id='word_1_206' title='bbox 680 2819 757 2870; x_wconf 65' lang='lat' dir='ltr'><strong>nem,</strong></span> <span class='ocrx_word' id='word_1_207' title='bbox 768 2797 820 2857; x_wconf 93' lang='lat' dir='ltr'><strong>ubi</strong></span> <span class='ocrx_word' id='word_1_208' title='bbox 836 2805 967 2858; x_wconf 84' lang='lat' dir='ltr'><strong>renovet</strong></span> <span class='ocrx_word' id='word_1_209' title='bbox 981 2817 1131 2857; x_wconf 83' lang='lat' dir='ltr'><strong>canonem</strong></span> <span class='ocrx_word' id='word_1_210' title='bbox 1148 2794 1319 2857; x_wconf 82' lang='lat' dir='ltr'><strong>Chalcedo-</strong></span> 
     </span>
     <span class='ocr_line' id='line_1_23' title="bbox 195 2900 1319 2972; baseline -0.004 -7"><span class='ocrx_word' id='word_1_211' title='bbox 195 2925 334 2965; x_wconf 87' lang='lat' dir='ltr'><strong>nensem.</strong></span> <span class='ocrx_word' id='word_1_212' title='bbox 350 2939 388 2950; x_wconf 97' lang='lat'>—</span> <span class='ocrx_word' id='word_1_213' title='bbox 404 2903 493 2963; x_wconf 88' lang='lat' dir='ltr'><strong>Alter</strong></span> <span class='ocrx_word' id='word_1_214' title='bbox 506 2911 611 2963; x_wconf 84' lang='lat' dir='ltr'><strong>eutem</strong></span> <span class='ocrx_word' id='word_1_215' title='bbox 631 2902 701 2964; x_wconf 83' lang='lat' dir='ltr'><strong>finis</strong></span> <span class='ocrx_word' id='word_1_216' title='bbox 720 2910 768 2962; x_wconf 91' lang='lat' dir='ltr'><strong>est</strong></span> <span class='ocrx_word' id='word_1_217' title='bbox 791 2909 827 2962; x_wconf 88' lang='lat' dir='ltr'><strong>ut</strong></span> <span class='ocrx_word' id='word_1_218' title='bbox 849 2901 969 2972; x_wconf 87' lang='lat' dir='ltr'><strong>clerici,</strong></span> <span class='ocrx_word' id='word_1_219' title='bbox 988 2923 1025 2961; x_wconf 84' lang='lat' dir='ltr'><strong>ex</strong></span> <span class='ocrx_word' id='word_1_220' title='bbox 1050 2901 1202 2961; x_wconf 87' lang='lat' dir='ltr'><strong>reditibus</strong></span> <span class='ocrx_word' id='word_1_221' title='bbox 1220 2900 1319 2960; x_wconf 87' lang='lat' dir='ltr'><strong>eccle-</strong></span> 
     </span>
     <span class='ocr_line' id='line_1_24' title="bbox 195 3005 1318 3090; baseline -0.005 -20"><span class='ocrx_word' id='word_1_222' title='bbox 195 3011 248 3070; x_wconf 77' lang='lat' dir='ltr'><strong>siae</strong></span> <span class='ocrx_word' id='word_1_223' title='bbox 264 3009 297 3068; x_wconf 90' lang='lat' dir='ltr'><strong>in</strong></span> <span class='ocrx_word' id='word_1_224' title='bbox 310 3029 370 3090; x_wconf 84' lang='lat' dir='ltr'><strong>qua</strong></span> <span class='ocrx_word' id='word_1_225' title='bbox 383 3017 416 3068; x_wconf 90' lang='lat' dir='ltr'><strong>et</strong></span> <span class='ocrx_word' id='word_1_226' title='bbox 430 3029 487 3088; x_wconf 92' lang='lat' dir='ltr'><strong>pro</strong></span> <span class='ocrx_word' id='word_1_227' title='bbox 502 3029 563 3088; x_wconf 85' lang='lat' dir='ltr'><strong>que</strong></span> <span class='ocrx_word' id='word_1_228' title='bbox 578 3007 736 3080; x_wconf 87' lang='lat' dir='ltr'><strong>laborant,</strong></span> <span class='ocrx_word' id='word_1_229' title='bbox 754 3007 884 3067; x_wconf 88' lang='lat' dir='ltr'><strong>honeste</strong></span> <span class='ocrx_word' id='word_1_230' title='bbox 898 3007 1002 3066; x_wconf 87' lang='lat' dir='ltr'><strong>vivere</strong></span> <span class='ocrx_word' id='word_1_231' title='bbox 1020 3006 1139 3087; x_wconf 88' lang='lat' dir='ltr'><strong>possint</strong></span> <span class='ocrx_word' id='word_1_232' title='bbox 1154 3013 1186 3064; x_wconf 93' lang='lat' dir='ltr'><strong>et</strong></span> <span class='ocrx_word' id='word_1_233' title='bbox 1200 3005 1244 3065; x_wconf 90' lang='lat' dir='ltr'><strong>sic</strong></span> <span class='ocrx_word' id='word_1_234' title='bbox 1256 3025 1318 3064; x_wconf 92' lang='lat' dir='ltr'><strong>non</strong></span> 
     </span>
     <span class='ocr_line' id='line_1_25' title="bbox 194 3107 1319 3195; baseline -0.007 -19"><span class='ocrx_word' id='word_1_235' title='bbox 194 3122 348 3195; x_wconf 77' lang='lat' dir='ltr'><strong>cogentur</strong></span> <span class='ocrx_word' id='word_1_236' title='bbox 370 3139 384 3168; x_wconf 77' lang='lat' dir='ltr'><strong>u</strong></span> <span class='ocrx_word' id='word_1_237' title='bbox 408 3133 479 3173; x_wconf 90' lang='lat' dir='ltr'><strong>cum</strong></span> <span class='ocrx_word' id='word_1_238' title='bbox 501 3111 619 3172; x_wconf 87' lang='lat' dir='ltr'><strong>ordinis</strong></span> <span class='ocrx_word' id='word_1_239' title='bbox 640 3111 793 3172; x_wconf 88' lang='lat' dir='ltr'><strong>dedecore</strong></span> <span class='ocrx_word' id='word_1_240' title='bbox 818 3111 993 3172; x_wconf 87' lang='lat' dir='ltr'><strong>mendicare</strong></span> <span class='ocrx_word' id='word_1_241' title='bbox 1014 3119 1068 3171; x_wconf 86' lang='lat' dir='ltr'><strong>aut</strong></span> <span class='ocrx_word' id='word_1_242' title='bbox 1087 3109 1246 3170; x_wconf 91' lang='lat' dir='ltr'><strong>sordidum</strong></span> <span class='ocrx_word' id='word_1_243' title='bbox 1266 3107 1319 3169; x_wconf 84' lang='lat' dir='ltr'><strong>nli-</strong></span> 
     </span>
     <span class='ocr_line' id='line_1_26' title="bbox 196 3213 1319 3300; baseline -0.005 -22"><span class='ocrx_word' id='word_1_244' title='bbox 196 3238 289 3300; x_wconf 88' lang='lat' dir='ltr'><strong>quem</strong></span> <span class='ocrx_word' id='word_1_245' title='bbox 309 3223 462 3298; x_wconf 79' lang='lat' dir='ltr'><strong>quaestum</strong></span> <span class='ocrx_word' id='word_1_246' title='bbox 483 3236 627 3276; x_wconf 83' lang='lat' dir='ltr'><strong>exercere</strong></span> <span class='ocrx_word' id='word_1_247' title='bbox 645 3241 671 3288; x_wconf 70' lang='lat' dir='ltr'><strong>u,</strong></span> <span class='ocrx_word' id='word_1_248' title='bbox 689 3216 853 3276; x_wconf 89' lang='lat' dir='ltr'><strong>utiterum</strong></span> <span class='ocrx_word' id='word_1_249' title='bbox 871 3215 914 3275; x_wconf 86' lang='lat' dir='ltr'><strong>ait</strong></span> <span class='ocrx_word' id='word_1_250' title='bbox 931 3235 1019 3276; x_wconf 91' lang='lat' dir='ltr'><strong>conc.</strong></span> <span class='ocrx_word' id='word_1_251' title='bbox 1037 3213 1136 3288; x_wconf 89' lang='lat' dir='ltr'><strong>Trid.,</strong></span> <span class='ocrx_word' id='word_1_252' title='bbox 1153 3233 1221 3293; x_wconf 85' lang='lat' dir='ltr'><strong>cap.</strong></span> <span class='ocrx_word' id='word_1_253' title='bbox 1239 3213 1319 3274; x_wconf 89' lang='lat' dir='ltr'><strong>Cum</strong></span> 
     </span>
     <span class='ocr_line' id='line_1_27' title="bbox 197 3320 1322 3402; baseline -0.004 -18"><span class='ocrx_word' id='word_1_254' title='bbox 197 3345 258 3384; x_wconf 87' lang='lat' dir='ltr'><strong>non</strong></span> <span class='ocrx_word' id='word_1_255' title='bbox 276 3323 399 3400; x_wconf 75' lang='lat' dir='ltr'><strong>deceat,</strong></span> <span class='ocrx_word' id='word_1_256' title='bbox 417 3327 451 3396; x_wconf 80' lang='lat'><strong>2,</strong></span> <span class='ocrx_word' id='word_1_257' title='bbox 472 3343 547 3382; x_wconf 87' lang='lat' dir='ltr'><strong>sess.</strong></span> <span class='ocrx_word' id='word_1_258' title='bbox 569 3322 657 3394; x_wconf 87' lang='lat' dir='ltr'><strong>XXI,</strong></span> <span class='ocrx_word' id='word_1_259' title='bbox 677 3321 724 3380; x_wconf 84' lang='lat' dir='ltr'><strong>De</strong></span> <span class='ocrx_word' id='word_1_260' title='bbox 743 3342 807 3380; x_wconf 79' lang='lat' dir='ltr'><strong>nse.</strong></span> <span class='ocrx_word' id='word_1_261' title='bbox 831 3320 913 3380; x_wconf 87' lang='lat' dir='ltr'><strong>Ilinc</strong></span> <span class='ocrx_word' id='word_1_262' title='bbox 931 3343 1005 3402; x_wconf 86' lang='lat' dir='ltr'><strong>ergo</strong></span> <span class='ocrx_word' id='word_1_263' title='bbox 1025 3323 1206 3402; x_wconf 79' lang='lat' dir='ltr'><strong>episcopuS,</strong></span> <span class='ocrx_word' id='word_1_264' title='bbox 1223 3321 1322 3402; x_wconf 90' lang='lat' dir='ltr'><strong>probe</strong></span> 
     </span>
     <span class='ocr_line' id='line_1_28' title="bbox 196 3426 1320 3510; baseline -0.004 -22"><span class='ocrx_word' id='word_1_265' title='bbox 196 3429 299 3488; x_wconf 84' lang='lat' dir='ltr'><strong>sciens</strong></span> <span class='ocrx_word' id='word_1_266' title='bbox 316 3435 394 3510; x_wconf 92' lang='lat' dir='ltr'><strong>quot</strong></span> <span class='ocrx_word' id='word_1_267' title='bbox 413 3427 517 3488; x_wconf 87' lang='lat' dir='ltr'><strong>clerici</strong></span> <span class='ocrx_word' id='word_1_268' title='bbox 538 3426 668 3505; x_wconf 82' lang='lat' dir='ltr'><strong>siugulis</strong></span> <span class='ocrx_word' id='word_1_269' title='bbox 688 3426 824 3486; x_wconf 87' lang='lat' dir='ltr'><strong>ecclesiis</strong></span> <span class='ocrx_word' id='word_1_270' title='bbox 846 3427 1009 3486; x_wconf 83' lang='lat' dir='ltr'><strong>necessarii</strong></span> <span class='ocrx_word' id='word_1_271' title='bbox 1027 3427 1105 3498; x_wconf 91' lang='lat' dir='ltr'><strong>sint,</strong></span> <span class='ocrx_word' id='word_1_272' title='bbox 1122 3433 1262 3509; x_wconf 89' lang='lat' dir='ltr'><strong>quotque</strong></span> <span class='ocrx_word' id='word_1_273' title='bbox 1282 3447 1320 3484; x_wconf 87' lang='lat' dir='ltr'><strong>ex</strong></span> 
     </span>
    </p>
   </div>
   <div class='ocr_carea' id='block_1_6' title="bbox 196 3643 1322 3864">
    <p class='ocr_par' dir='ltr' id='par_1_7' title="bbox 196 3643 1322 3864">
     <span class='ocr_line' id='line_1_29' title="bbox 229 3643 1040 3710; baseline -0.002 -14"><span class='ocrx_word' id='word_1_274' title='bbox 229 3648 236 3680; x_wconf 88' lang='lat'><strong>¹</strong></span> <span class='ocrx_word' id='word_1_275' title='bbox 256 3647 346 3704; x_wconf 86' lang='lat' dir='ltr'><strong>Thiel,</strong></span> <span class='ocrx_word' id='word_1_276' title='bbox 363 3645 491 3710; x_wconf 73' lang='lat' dir='ltr'><strong>Epistulae</strong></span> <span class='ocrx_word' id='word_1_277' title='bbox 505 3645 689 3694; x_wconf 62' lang='lat' dir='ltr'><strong>Rornanorum</strong></span> <span class='ocrx_word' id='word_1_278' title='bbox 703 3643 880 3706; x_wconf 82' lang='lat' dir='ltr'><strong>Pontificum,</strong></span> <span class='ocrx_word' id='word_1_279' title='bbox 897 3659 923 3706; x_wconf 88' lang='lat' dir='ltr'><strong>p.</strong></span> <span class='ocrx_word' id='word_1_280' title='bbox 939 3649 981 3692; x_wconf 84' lang='grc'><strong>651</strong></span> <span class='ocrx_word' id='word_1_281' title='bbox 999 3659 1040 3706; x_wconf 85' lang='lat' dir='ltr'><strong>sq.</strong></span> 
     </span>
     <span class='ocr_line' id='line_1_30' title="bbox 228 3722 1322 3786; baseline 0.002 -16"><span class='ocrx_word' id='word_1_282' title='bbox 228 3725 239 3760; x_wconf 85' lang='lat'><strong>¹</strong></span> <span class='ocrx_word' id='word_1_283' title='bbox 257 3747 269 3770; x_wconf 71' lang='lat' dir='ltr'><strong>e</strong></span> <span class='ocrx_word' id='word_1_284' title='bbox 286 3725 326 3774; x_wconf 90' lang='lat' dir='ltr'><strong>De</strong></span> <span class='ocrx_word' id='word_1_285' title='bbox 340 3725 529 3774; x_wconf 78' lang='lat' dir='ltr'><strong>sacerdotibus</strong></span> <span class='ocrx_word' id='word_1_286' title='bbox 547 3723 593 3786; x_wconf 89' lang='lat' dir='ltr'><strong>qui</strong></span> <span class='ocrx_word' id='word_1_287' title='bbox 608 3738 673 3772; x_wconf 86' lang='lat' dir='ltr'><strong>suos</strong></span> <span class='ocrx_word' id='word_1_288' title='bbox 688 3722 784 3772; x_wconf 80' lang='lat' dir='ltr'><strong>titulos</strong></span> <span class='ocrx_word' id='word_1_289' title='bbox 799 3723 902 3784; x_wconf 78' lang='lat' dir='ltr'><strong>absque</strong></span> <span class='ocrx_word' id='word_1_290' title='bbox 918 3723 1029 3772; x_wconf 82' lang='lat' dir='ltr'><strong>Iicentin</strong></span> <span class='ocrx_word' id='word_1_291' title='bbox 1043 3723 1163 3786; x_wconf 87' lang='lat' dir='ltr'><strong>episcopi</strong></span> <span class='ocrx_word' id='word_1_292' title='bbox 1180 3724 1322 3772; x_wconf 80' lang='lat' dir='ltr'><strong>dImIttunt</strong></span> 
     </span>
     <span class='ocr_line' id='line_1_31' title="bbox 196 3801 1071 3864; baseline -0.005 -12"><span class='ocrx_word' id='word_1_293' title='bbox 196 3807 244 3852; x_wconf 82' lang='lat' dir='ltr'><strong>eut</strong></span> <span class='ocrx_word' id='word_1_294' title='bbox 258 3803 435 3860; x_wconf 87' lang='lat' dir='ltr'><strong>dimiserunt,</strong></span> <span class='ocrx_word' id='word_1_295' title='bbox 455 3805 522 3861; x_wconf 89' lang='lat' dir='ltr'><strong>etc.;</strong></span> <span class='ocrx_word' id='word_1_296' title='bbox 538 3821 549 3844; x_wconf 78' lang='lat' dir='ltr'><strong>n</strong></span> <span class='ocrx_word' id='word_1_297' title='bbox 566 3801 670 3864; x_wconf 71' lang='lat' dir='ltr'><strong>Migne,</strong></span> <span class='ocrx_word' id='word_1_298' title='bbox 686 3801 715 3850; x_wconf 87' lang='lat' dir='ltr'><strong>P.</strong></span> <span class='ocrx_word' id='word_1_299' title='bbox 733 3802 771 3858; x_wconf 89' lang='lat' dir='ltr'><strong>L.‚</strong></span> <span class='ocrx_word' id='word_1_300' title='bbox 788 3805 808 3850; x_wconf 89' lang='lat' dir='ltr'><strong>t.</strong></span> <span class='ocrx_word' id='word_1_301' title='bbox 825 3816 932 3860; x_wconf 77' lang='lat' dir='ltr'><strong>cxxxix,</strong></span> <span class='ocrx_word' id='word_1_302' title='bbox 949 3803 1001 3850; x_wconf 90' lang='lat' dir='ltr'><strong>col.</strong></span> <span class='ocrx_word' id='word_1_303' title='bbox 1017 3807 1071 3850; x_wconf 75' lang='lat'><strong>827.</strong></span> 
     </span>
    </p>
   </div>
   <div class='ocr_carea' id='block_1_7' title="bbox 229 3879 1405 3954">
    <p class='ocr_par' dir='ltr' id='par_1_8' title="bbox 229 3879 1405 3954">
     <span class='ocr_line' id='line_1_32' title="bbox 229 3879 1405 3954; baseline -0.002 -24"><span class='ocrx_word' id='word_1_304' title='bbox 229 3883 240 3916; x_wconf 80' lang='lat'>³</span> <span class='ocrx_word' id='word_1_305' title='bbox 257 3881 306 3930; x_wconf 84' lang='lat' dir='ltr'><strong>Ed.</strong></span> <span class='ocrx_word' id='word_1_306' title='bbox 319 3881 424 3938; x_wconf 77' lang='lat' dir='ltr'><strong>Baluze,</strong></span> <span class='ocrx_word' id='word_1_307' title='bbox 440 3883 460 3929; x_wconf 91' lang='lat' dir='ltr'><strong>t.</strong></span> <span class='ocrx_word' id='word_1_308' title='bbox 472 3895 489 3938; x_wconf 89' lang='lat' dir='ltr'><strong>r,</strong></span> <span class='ocrx_word' id='word_1_309' title='bbox 505 3881 556 3928; x_wconf 90' lang='lat' dir='ltr'><strong>col.</strong></span> <span class='ocrx_word' id='word_1_310' title='bbox 568 3885 637 3936; x_wconf 81' lang='lat'><strong>1⁰76,</strong></span> <span class='ocrx_word' id='word_1_311' title='bbox 652 3885 721 3928; x_wconf 80' lang='lat'><strong>1172.</strong></span> <span class='ocrx_word' id='word_1_312' title='bbox 733 3907 763 3916; x_wconf 99' lang='lat'><em>-</em></span> <span class='ocrx_word' id='word_1_313' title='bbox 774 3879 843 3927; x_wconf 89' lang='lat' dir='ltr'><strong>Vide</strong></span> <span class='ocrx_word' id='word_1_314' title='bbox 858 3879 944 3928; x_wconf 84' lang='lat' dir='ltr'><strong>multe</strong></span> <span class='ocrx_word' id='word_1_315' title='bbox 959 3881 1011 3928; x_wconf 83' lang='lat' dir='ltr'><strong>eliu</strong></span> <span class='ocrx_word' id='word_1_316' title='bbox 1025 3881 1084 3930; x_wconf 80' lang='lat' dir='ltr'><strong>loca</strong></span> <span class='ocrx_word' id='word_1_317' title='bbox 1098 3881 1170 3944; x_wconf 79' lang='lat' dir='ltr'><strong>apud</strong></span> <span class='ocrx_word' id='word_1_318' title='bbox 1184 3881 1320 3942; x_wconf 78' lang='lat' dir='ltr'><strong>Ducange,</strong></span> <span class='ocrx_word' id='word_1_319' title='bbox 1401 3947 1405 3954; x_wconf 34' lang='grc' dir='ltr'>Ι</span> 
     </span>
    </p>
   </div>
   <div class='ocr_carea' id='block_1_8' title="bbox 198 3957 1323 4332">
    <p class='ocr_par' dir='ltr' id='par_1_9' title="bbox 199 3957 1041 4018">
     <span class='ocr_line' id='line_1_33' title="bbox 199 3957 1041 4018; baseline -0.006 -7"><span class='ocrx_word' id='word_1_320' title='bbox 199 3959 381 4016; x_wconf 69' lang='lat' dir='ltr'><strong>Glossarium,</strong></span> <span class='ocrx_word' id='word_1_321' title='bbox 398 3968 429 4006; x_wconf 61' lang='grc' dir='ltr'><strong>νῦ</strong></span> <span class='ocrx_word' id='word_1_322' title='bbox 446 3957 567 4016; x_wconf 75' lang='lat' dir='ltr'><strong>Titulus,</strong></span> <span class='ocrx_word' id='word_1_323' title='bbox 585 3958 708 4016; x_wconf 79' lang='lat' dir='ltr'><strong>Parisiis,</strong></span> <span class='ocrx_word' id='word_1_324' title='bbox 724 3963 799 4016; x_wconf 76' lang='lat'><strong>1736,</strong></span> <span class='ocrx_word' id='word_1_325' title='bbox 815 3961 835 4006; x_wconf 91' lang='lat' dir='ltr'><strong>t.</strong></span> <span class='ocrx_word' id='word_1_326' title='bbox 849 3973 890 4018; x_wconf 82' lang='lat' dir='ltr'><strong>vr,</strong></span> <span class='ocrx_word' id='word_1_327' title='bbox 906 3959 1041 4008; x_wconf 83' lang='lat' dir='ltr'><strong>cot.1158.</strong></span> 
     </span>
    </p>

    <p class='ocr_par' dir='ltr' id='par_1_10' title="bbox 198 4035 1323 4176">
     <span class='ocr_line' id='line_1_34' title="bbox 228 4035 1323 4100; baseline -0.003 -13"><span class='ocrx_word' id='word_1_328' title='bbox 228 4038 240 4072; x_wconf 80' lang='lat'>⁴</span> <span class='ocrx_word' id='word_1_329' title='bbox 257 4038 357 4088; x_wconf 86' lang='lat' dir='ltr'><strong>Bened.</strong></span> <span class='ocrx_word' id='word_1_330' title='bbox 369 4037 476 4096; x_wconf 81' lang='lat' dir='ltr'><strong>Levita,</strong></span> <span class='ocrx_word' id='word_1_331' title='bbox 494 4037 542 4086; x_wconf 91' lang='lat' dir='ltr'><strong>lib.</strong></span> <span class='ocrx_word' id='word_1_332' title='bbox 555 4037 579 4084; x_wconf 95' lang='lat' dir='ltr'>V</span> <span class='ocrx_word' id='word_1_333' title='bbox 591 4035 805 4100; x_wconf 82' lang='lat' dir='ltr'><strong>Cepituturium,</strong></span> <span class='ocrx_word' id='word_1_334' title='bbox 817 4052 877 4100; x_wconf 82' lang='lat' dir='ltr'><strong>cup.</strong></span> <span class='ocrx_word' id='word_1_335' title='bbox 889 4043 932 4096; x_wconf 77' lang='lat'><strong>283</strong></span> <span class='ocrx_word' id='word_1_336' title='bbox 948 4038 989 4086; x_wconf 88' lang='lat' dir='ltr'><strong>ed.</strong></span> <span class='ocrx_word' id='word_1_337' title='bbox 1002 4037 1111 4096; x_wconf 83' lang='lat' dir='ltr'><strong>Beluze,</strong></span> <span class='ocrx_word' id='word_1_338' title='bbox 1130 4041 1149 4087; x_wconf 93' lang='lat' dir='ltr'><strong>t.</strong></span> <span class='ocrx_word' id='word_1_339' title='bbox 1162 4053 1183 4098; x_wconf 87' lang='lat'><strong>1,</strong></span> <span class='ocrx_word' id='word_1_340' title='bbox 1197 4039 1248 4087; x_wconf 91' lang='lat' dir='ltr'><strong>col.</strong></span> <span class='ocrx_word' id='word_1_341' title='bbox 1262 4041 1323 4096; x_wconf 80' lang='lat'><strong>8³0·,</strong></span> 
     </span>
     <span class='ocr_line' id='line_1_35' title="bbox 198 4115 1170 4176; baseline -0.003 -9"><span class='ocrx_word' id='word_1_342' title='bbox 198 4145 228 4154; x_wconf 95' lang='lat'><em>-</em></span> <span class='ocrx_word' id='word_1_343' title='bbox 240 4131 318 4167; x_wconf 86' lang='lat' dir='ltr'><strong>conc.</strong></span> <span class='ocrx_word' id='word_1_344' title='bbox 333 4115 534 4174; x_wconf 81' lang='lat' dir='ltr'><strong>Placentinum,</strong></span> <span class='ocrx_word' id='word_1_345' title='bbox 550 4130 594 4166; x_wconf 85' lang='lat' dir='ltr'><strong>en.</strong></span> <span class='ocrx_word' id='word_1_346' title='bbox 607 4120 681 4176; x_wconf 80' lang='lat'><strong>1095,</strong></span> <span class='ocrx_word' id='word_1_347' title='bbox 700 4131 758 4165; x_wconf 84' lang='lat' dir='ltr'><strong>een.</strong></span> <span class='ocrx_word' id='word_1_348' title='bbox 774 4120 815 4174; x_wconf 83' lang='lat'><strong>15;</strong></span> <span class='ocrx_word' id='word_1_349' title='bbox 832 4116 932 4174; x_wconf 82' lang='lat' dir='ltr'><strong>Mensi,</strong></span> <span class='ocrx_word' id='word_1_350' title='bbox 950 4119 969 4164; x_wconf 90' lang='lat' dir='ltr'><strong>t.</strong></span> <span class='ocrx_word' id='word_1_351' title='bbox 985 4131 1032 4174; x_wconf 84' lang='lat' dir='ltr'><strong>xx,</strong></span> <span class='ocrx_word' id='word_1_352' title='bbox 1049 4116 1101 4164; x_wconf 90' lang='lat' dir='ltr'><strong>col.</strong></span> <span class='ocrx_word' id='word_1_353' title='bbox 1116 4120 1170 4164; x_wconf 84' lang='lat'><strong>806.</strong></span> 
     </span>
    </p>

    <p class='ocr_par' dir='ltr' id='par_1_11' title="bbox 230 4195 597 4253">
     <span class='ocr_line' id='line_1_36' title="bbox 230 4195 597 4253; baseline -0.011 -9"><span class='ocrx_word' id='word_1_354' title='bbox 230 4196 242 4230; x_wconf 77' lang='lat'>⁵</span> <span class='ocrx_word' id='word_1_355' title='bbox 257 4195 358 4253; x_wconf 81' lang='lat' dir='ltr'><strong>Mensi,</strong></span> <span class='ocrx_word' id='word_1_356' title='bbox 374 4199 394 4244; x_wconf 90' lang='lat' dir='ltr'><strong>t.</strong></span> <span class='ocrx_word' id='word_1_357' title='bbox 408 4209 461 4252; x_wconf 77' lang='lat' dir='ltr'><strong>xiv,</strong></span> <span class='ocrx_word' id='word_1_358' title='bbox 478 4195 530 4242; x_wconf 92' lang='lat' dir='ltr'><strong>col.</strong></span> <span class='ocrx_word' id='word_1_359' title='bbox 543 4198 597 4242; x_wconf 79' lang='lat'><strong>831.</strong></span> 
     </span>
    </p>

    <p class='ocr_par' dir='ltr' id='par_1_12' title="bbox 232 4273 596 4332">
     <span class='ocr_line' id='line_1_37' title="bbox 232 4273 596 4332; baseline -0.005 -10"><span class='ocrx_word' id='word_1_360' title='bbox 232 4274 243 4309; x_wconf 79' lang='lat'>⁶</span> <span class='ocrx_word' id='word_1_361' title='bbox 259 4274 360 4332; x_wconf 71' lang='lat' dir='ltr'><strong>Menai,</strong></span> <span class='ocrx_word' id='word_1_362' title='bbox 376 4277 396 4322; x_wconf 91' lang='lat' dir='ltr'><strong>t.</strong></span> <span class='ocrx_word' id='word_1_363' title='bbox 412 4287 459 4331; x_wconf 82' lang='lat' dir='ltr'><strong>xx,</strong></span> <span class='ocrx_word' id='word_1_364' title='bbox 475 4273 526 4322; x_wconf 91' lang='lat' dir='ltr'><strong>col.</strong></span> <span class='ocrx_word' id='word_1_365' title='bbox 542 4277 596 4321; x_wconf 82' lang='grc'>817.</span> 
     </span>
    </p>
   </div>
   <div class='ocr_carea' id='block_1_9' title="bbox 0 0 1669 5052">
    <p class='ocr_par' dir='ltr' id='par_1_13' title="bbox 0 0 1669 5052">
     <span class='ocr_line' id='line_1_38' title="bbox 0 0 1669 5052; baseline 0 0"><span class='ocrx_word' id='word_1_366' title='bbox 0 0 1669 5052; x_wconf 95' lang='lat' dir='ltr'><strong> </strong></span> 
     </span>
    </p>
   </div>
  </div>
 </body>
</html>
