3238 5052
380 465 434 519 ⁴98
720 465 764 515 DE
783 465 913 515 lllTlBlJS
932 464 1169 515 onntn'ttioxts

381 609 617 699 presbyterum
646 608 832 688 ordinatur,
857 607 1038 672 traduntur
1063 605 1127 671 suh
1154 609 1255 672 certis
1282 608 1400 674 verbis
1424 611 1502 674 stole

381 733 415 790 et
434 725 565 799 casole,
586 724 676 788 calis
698 745 777 786 cnm
792 731 934 808 petens,
957 728 991 786 et
1014 722 1116 785 etiam
1139 723 1342 807 innnqitnr,·
1360 747 1439 810 qne
1460 747 1505 788 res

380 848 412 904 et
433 839 533 902 verbe
551 847 631 902 sont
651 839 691 900 de
711 837 913 922 hujusmodi
931 837 1135 900 recrementi
1154 837 1346 901 substantie
1355 857 1371 920 ,·
1397 845 1505 903 cetera

382 975 478 1025 vero,
507 951 733 1040 praecedentia
756 957 790 1014 et
816 950 1008 1037 sequentia,
1038 950 1080 1014 de
1107 950 1323 1014 solemnitate
1349 957 1468 1017 sunt¹.
1491 982 1503 1010 n

381 1066 467 1130 Item
488 1064 691 1152 negligenda
711 1070 764 1128 est
790 1064 905 1152 opinio
924 1063 1106 1128 cardinalis
1126 1063 1239 1144 Hosii,
1261 1065 1319 1152 qui
1338 1065 1432 1130 dixit
1450 1067 1505 1129 im-

380 1179 584 1269 positionem
619 1201 801 1258 manuum,
836 1178 1082 1265 porrectionem
1126 1178 1437 1244 instrumentorum
1476 1189 1505 1243 et

381 1296 573 1360 unctionem
591 1315 683 1372 esse,
706 1315 766 1379 per
785 1291 924 1354 modum
947 1290 1067 1372 unius,
1094 1291 1270 1356 materiam
1289 1291 1505 1379 presbytera-

379 1419 436 1474 tus
447 1413 468 1474 ².
492 1407 579 1472 Cum
605 1408 717 1472 unctio
742 1407 803 1485 sit,
826 1427 868 1468 cx
892 1405 1008 1485 dictis,
1036 1405 1122 1469 ritus
1141 1428 1275 1484 recens,
1304 1429 1372 1470 non
1395 1417 1503 1494 potest

378 1523 547 1612 pertinere
567 1521 610 1585 ad
630 1520 855 1584 substantiam
877 1518 1092 1584 sacramenti.

422 1757 518 1827 258.
549 1795 594 1806 -
616 1756 851 1832 Quantum
884 1755 925 1822 1⁰
952 1753 1113 1828 Qnaeriam
1141 1755 1309 1840 impositio
1339 1781 1503 1822 mannum

375 1875 420 1939 sit
446 1875 533 1937 ritus
561 1870 745 1934 essentialis
769 1869 992 1932 ordinationis
1013 1869 1262 1952 presbyteralis
1289 1872 1322 1934 in
1354 1871 1503 1936 Ecclesia

378 1988 496 2052 latine.

419 2103 517 2186 llcsp.
535 2122 547 2164 .·
569 2103 599 2162 l.
622 2097 705 2162 Tres
725 2105 804 2162 sunt
826 2119 989 2160 manuum
1008 2097 1270 2184 impositiones:
1297 2099 1409 2184 prima
1431 2125 1503 2188 qne

374 2217 412 2279 tit
441 2214 539 2278 initio
572 2235 632 2301 per
662 2211 860 2298 episcopum
890 2218 925 2274 et
952 2209 1189 2297 presbyteros,
1221 2211 1367 2294 silentio;
1397 2215 1503 2279 altera

374 2353 449 2418 quae
477 2327 594 2392 statim
616 2325 795 2413 sequitur:
830 2353 845 2382 α
877 2323 950 2403 Quo
979 2323 1085 2406 facto,
1112 2333 1182 2390 tam
1208 2326 1377 2412 pontifex,
1401 2353 1502 2418 quarn

375 2441 588 2521 sacerdotes,
606 2446 726 2504 tenent
745 2461 867 2502 manus
886 2439 1045 2504 dexteras
1066 2445 1226 2503 extensas
1249 2463 1350 2528 super
1369 2443 1465 2512 illos.
1488 2474 1503 2502 n

373 2565 408 2623 et
427 2553 581 2644 pontifex
600 2554 721 2618 recitat
741 2551 980 2616 lnvitntorium
1001 2553 1154 2636 Oremns,
1169 2558 1299 2637 fratres
1313 2557 1504 2624 carissimi:

372 2672 472 2737 tertia
502 2671 535 2733 in
565 2668 630 2732 fine
663 2667 791 2746 misse,
823 2689 901 2730 cum
932 2665 986 2730 his
1024 2665 1154 2746 verbiS,
1183 2667 1307 2752 Accipe
1331 2668 1501 2754 Spiritum

373 2787 555 2864 Sanctum,
577 2803 728 2868 qnorum
749 2781 934 2862 remiseris,
956 2787 1022 2844 etc.

418 2899 450 2962 2.
483 2898 562 2962 Haec
588 2894 688 2960 tertis
711 2893 884 2980 impositio
911 2916 989 2957 cum
1016 2915 1076 2958 sue
1111 2894 1234 2977 forma,
1262 2896 1433 2984 quidquid
1457 2901 1504 2964 di-

375 3019 457 3077 cunt
477 3011 628 3075 fautores
647 3007 806 3072 secundm
825 3007 1008 3094 opinionis,
1030 3031 1097 3072 non
1114 3009 1262 3096 pertinet
1281 3009 1323 3075 ad
1343 3011 1502 3078 substan-

374 3111 459 3190 tiem
479 3123 698 3202 sacramenti;
721 3145 816 3204 nam,
838 3129 876 3185 ut
895 3122 1025 3186 dictum
1046 3129 1099 3186 est
1118 3147 1220 3211 supra
1242 3123 1294 3210 (n.
1317 3125 1421 3213 201,
1443 3129 1499 3208 6⁰).

376 3263 443 3306 non
460 3237 605 3303 occurrit
624 3243 703 3300 ante
719 3236 881 3300 saeculum
897 3257 932 3300 xi
951 3243 985 3301 et
1004 3235 1210 3323 negligenda
1229 3247 1309 3330 sunt
1324 3262 1402 3327 qum
1423 3241 1501 3306 dicit

376 3354 544 3418 lllerlinus
565 3353 605 3415 de
625 3349 805 3438 disciplina
830 3351 943 3414 arcani
968 3351 1081 3437 quoad
1100 3350 1260 3433 formam,
1281 3353 1409 3438 Accipe
1428 3355 1503 3441 Spi-

379 3470 485 3532 ritum
505 3466 670 3530 Sanctum
682 3466 704 3528 ³.

424 3583 455 3647 3.
485 3581 567 3644 Duae
594 3586 709 3642 antem
728 3578 859 3665 priores
883 3577 1118 3665 impositiones
1138 3602 1302 3644 mannum
1327 3605 1397 3646 non
1423 3597 1501 3648 sirnt

379 3697 443 3760 nisi
473 3715 542 3758 una
572 3701 607 3757 et
639 3691 757 3756 eadem
785 3691 959 3778 impositio
990 3715 1065 3780 quae
1096 3693 1215 3782 incipit
1246 3693 1399 3776 silentio,
1427 3699 1504 3763 dein

378 3809 595 3874 continuatur
614 3815 648 3870 et
672 3805 862 3892 completur
888 3805 969 3869 dum
993 3806 1164 3894 pontifex,
1187 3808 1363 3874 dexteram
1382 3821 1504 3878 exten·

411 4047 417 4077 ¹
437 4043 590 4100 Rationale,
606 4047 668 4090 cte..
685 4043 731 4090 lib.
749 4041 787 4098 ll,
803 4057 826 4090 c.
843 4057 873 4100 ir,
889 4057 915 4090 n.
934 4046 974 4098 l-t,
992 4043 1127 4104 Lugduni,
1145 4049 1216 4102 1672,
1234 4061 1260 4108 p.
1277 4051 1317 4095 61.

409 4125 419 4158 ²
439 4124 549 4175 Hosius,
567 4121 707 4181 consessio
722 4121 863 4170 cntlrolicee
877 4120 956 4182 fidei,
970 4122 1009 4169 De
1022 4136 1136 4170 serrem.
1150 4123 1269 4180 ordinis,
1286 4139 1310 4173 c.
1327 4141 1386 4186 nur,
1404 4129 1504 4192 Opera,

379 4202 500 4255 Parisiis,
520 4205 589 4256 1062,
607 4200 652 4246 fol.
670 4204 707 4254 57,
724 4201 807 4246 recto.

409 4279 419 4313 ³
434 4279 545 4334 Morlin,
560 4278 609 4326 loc.
623 4277 668 4324 cit.
