3290 5060
312 514 357 564 DE
376 513 527 566 LII'IEIIIS
546 513 837 564 DIMISSORIALIBUS
857 513 898 562 ET
917 510 1218 562 EXCORPOIIATIONB
1279 509 1328 562 157

201 679 277 745 quae
305 679 375 722 non
398 656 560 722 videntur
586 655 749 744 applicari
777 677 877 745 posse
906 654 1061 718 Praelatis
1085 653 1242 738 Nullius,
1269 653 1327 743 qui

201 794 324 859 nempe
349 771 478 838 habent
505 771 714 836 territorium
737 769 876 835 omnino
906 776 1113 858 separatum.
1140 768 1268 833 Verum
1293 768 1329 832 hi

201 885 306 952 etiam
331 885 665 973 comprehenduntur
689 884 724 948 in
749 883 839 948 dicta
862 882 1105 972 prohibitione,
1131 889 1170 948 ut
1193 889 1328 948 constat

201 999 299 1065 firma
322 1005 358 1065 et
381 1000 552 1065 constanti
571 997 840 1088 jurisprudentia
864 998 899 1064 S.
923 995 1049 1085 Congr.
1073 995 1232 1078 Concilii,
1254 1020 1329 1086 quae

202 1134 305 1200 supra
334 1119 463 1178 asserta
488 1111 553 1177 luit
577 1110 630 1201 (n.
659 1113 747 1198 53),
779 1110 861 1176 dum
885 1109 1049 1197 agebatur
1078 1108 1119 1174 de
1148 1109 1329 1176 collatione

203 1226 362 1292 ordinum
402 1225 575 1291 minorum
611 1226 654 1292 ab
692 1224 872 1291 abbatibus
915 1224 1092 1302 iacienda;
1141 1224 1329 1290 decisiones

203 1341 296 1406 enim
327 1340 362 1406 S.
395 1341 680 1429 Congregationis
707 1345 888 1428 utramque
920 1345 1053 1428 partem
1084 1339 1205 1426 capitis
1234 1339 1326 1404 Trid.

204 1453 297 1542 (cap.
320 1453 534 1539 Abbatibus,
553 1456 611 1536 10,
629 1477 714 1520 sess.
736 1452 868 1537 XXIII,
891 1453 942 1518 Dr
961 1452 1062 1542 ΗΒΚ),
1084 1476 1206 1541 nempe
1226 1453 1330 1518 colla-

203 1569 334 1634 tionem
359 1568 517 1634 ordinum
537 1569 708 1634 minorum
727 1575 762 1634 et
781 1567 1036 1633 concessionem
1061 1567 1330 1633 dimissoriarum

204 1705 266 1772 pro
286 1681 497 1771 quibuslibet
516 1683 691 1748 ordinibus
710 1705 805 1770 aeque
824 1682 1022 1770 respiciunt.

250 1795 291 1863 C.
318 1797 450 1862 Horum
469 1797 585 1887 itaque
604 1796 819 1863 subditorum
838 1795 1052 1861 saecularium
1077 1795 1245 1861 ordinatio
1271 1796 1331 1884 (ad

205 1934 439 2000 quoscumque
459 1910 596 1976 ordines
617 1917 651 1977 et
669 1911 713 1976 ad
730 1911 876 1999 primam
896 1909 1090 1999 tonsuram)
1111 1909 1206 1975 nullo
1231 1910 1331 1976 modo

204 2025 355 2114 pertiuet
378 2024 421 2091 ad
445 2025 554 2090 dictos
579 2025 760 2106 Praelatos,
783 2024 843 2091 sed
862 2023 906 2089 ad
929 2023 1153 2112 Episcopum,
1175 2024 1210 2089 in
1235 2025 1332 2114 cujus

206 2137 346 2205 dioecesi
385 2140 580 2205 consistunt
617 2138 768 2204 ecclesiae
805 2137 992 2204 abbatiales
1030 2162 1090 2204 seu
1124 2139 1329 2228 praelatitiae,

207 2262 246 2321 ut
272 2261 366 2345 patet
392 2278 551 2345 expresse
578 2277 620 2320 ex
645 2255 753 2320 relato
779 2261 877 2321 textu
902 2254 1013 2336 Trid.;
1040 2255 1133 2343 quod
1158 2255 1188 2320 si
1213 2263 1334 2344 agatur

206 2368 248 2434 de
286 2369 443 2436 Praelatis
474 2369 633 2453 Nullius,
673 2369 842 2434 ordinatio
873 2369 1021 2457 pertinet
1056 2369 1099 2434 ad
1136 2369 1333 2459 episcopum

207 2484 420 2568 viciniorem,
451 2507 511 2548 seu
542 2483 585 2549 ad
610 2484 807 2572 episcopum
831 2473 933 2570 cujus
959 2482 1101 2548 ecclesia
1129 2484 1334 2550 cathedralis

207 2597 395 2686 proxImior
418 2605 471 2663 est
490 2597 641 2663 ecclesiae
661 2597 838 2680 abbatiali,
860 2597 903 2662 ad
926 2619 1083 2662 normam
1106 2620 1202 2664 conc.
1225 2598 1331 2680 Trid.,

207 2733 282 2800 cap.
311 2709 390 2788 Quae
414 2711 510 2796 alias,
537 2711 569 2793 9,
596 2735 681 2779 sess.
708 2711 830 2792 XXIV,
858 2711 909 2776 Dn
934 2731 1005 2777 nur.
1026 2711 1135 2776 -Hi
1155 2735 1236 2800 ergo
1257 2713 1334 2802 Epi-

209 2825 302 2914 scopi
326 2823 486 2890 ordinant
514 2825 669 2891 subditos
693 2825 873 2891 saeculares
898 2825 1137 2906 Proelatorum,
1159 2827 1231 2890 sinc
1256 2827 1335 2891 ullis

211 2940 337 3004 borum
356 2939 555 3005 dimissoriis
562 2959 578 3024 ,⁰
597 2940 626 3006 si
645 2963 706 3030 per
725 2963 761 3006 se
781 2940 937 3005 ordinare
956 2946 1144 3028 nequeant,
1168 2939 1234 3028 ipsi
1253 2939 1336 3006 dant

209 3053 419 3120 dImissorias
437 3053 481 3118 ad
500 3053 585 3119 alios
604 3054 793 3144 episcopos.
815 3053 959 3126 Verum,
982 3053 1012 3117 si
1030 3060 1150 3142 agatur
1175 3053 1216 3119 de
1241 3053 1335 3119 Pric-

209 3166 288 3232 latIs
306 3167 449 3232 Nullius
453 3217 465 3252 ,
488 3167 646 3257 Episcopi
665 3168 786 3234 horum
801 3167 956 3232 subditos
971 3167 1125 3232 ordinare
1146 3175 1204 3233 aut
1224 3169 1336 3234 dimit-

209 3287 281 3346 tere
308 3287 501 3370 nequeunt,
528 3283 600 3348 cine
627 3283 748 3348 litteris
778 3282 1006 3346 Praelatorum
1036 3283 1333 3364 testimonialibus,

210 3418 285 3484 quae
305 3393 428 3460 litterae
447 3419 516 3460 non
531 3397 760 3484 requiruntur,
778 3396 807 3460 si
821 3403 941 3483 agatur
956 3395 997 3460 de
1019 3395 1172 3460 Praelatis
1191 3397 1249 3485 qui
1268 3420 1336 3462 non

211 3509 281 3574 sint
305 3508 447 3575 Nullius
455 3527 470 3593 ,⁶
498 3510 590 3597 quod
616 3510 777 3574 ultimum
806 3509 866 3597 (de
896 3509 1020 3574 litteris
1044 3509 1338 3593 ‚testimonialibus

210 3622 385 3710 requisitis
403 3630 462 3688 aut
480 3644 550 3688 non
563 3623 752 3713 requisitis)
768 3623 889 3689 nititur
902 3622 1170 3712 jurisprudentia
1189 3625 1224 3690 S.
1248 3623 1338 3690 Con-

211 3736 420 3824 gregationis
439 3735 594 3819 Concilii,
610 3759 685 3826 quae
700 3737 747 3804 ita
762 3736 899 3817 decidit,
918 3736 961 3802 ad
973 3744 1123 3802 mentem
1138 3741 1336 3802 canonum¹.

258 3849 302 3916 D.
320 3849 355 3916 Si
371 3849 448 3938 quis
463 3849 584 3933 abbas,
602 3857 661 3917 aut
680 3851 861 3932 praelatus,
880 3857 939 3916 aut
958 3850 1160 3940 capitulum,
1176 3851 1340 3917 concedat

214 3961 425 4030 dimissorias
458 3969 576 4030 contra
613 3964 757 4031 formam
795 3963 921 4030 decreti
958 3964 1164 4047 Tridentini,
1199 3965 1340 4031 incurrit

214 4099 352 4166 poenam
373 4077 493 4144 eodem
519 4079 667 4146 decreto·
682 4085 861 4159 statutam,
890 4101 1013 4168 nempe
1035 4099 1091 4146 :-«·
1106 4079 1340 4145 Concedentes

249 4236 257 4271 ¹
275 4237 315 4288 ci.
330 4239 482 4290 decisiones
501 4239 528 4289 S.
545 4239 643 4304 Congr.
659 4241 752 4302 Cone,
773 4241 845 4304 apud
865 4241 986 4304 Rigrmtt,
1002 4241 1035 4290 In
1055 4255 1112 4306 reg.
1132 4242 1270 4300 sicana,
1284 4243 1296 4301 5
1310 4245 1338 4300 ³,

218 4331 244 4366 n.
258 4321 302 4367 2⁴7
318 4333 369 4382 sq..
381 4320 403 4368 t.
419 4335 451 4380 u,
464 4333 491 4383 p.
507 4324 565 4380 ³71;
582 4320 626 4370 vel
640 4319 760 4379 Giraldi,
774 4321 846 4384 part.
861 4318 899 4378 11,
915 4323 982 4370 sect.
998 4335 1072 4380 xcix,
1087 4336 1114 4384 p.
1128 4325 1182 4369 196.
