3300 5056
314 491 359 541 DE
378 491 529 542 LITTERIS
549 489 839 542 ululssoumtlaus
859 491 900 540 EI*
918 489 1217 542 uxcouronlrlonu
1277 489 1328 544 Its

203 635 322 720 tinpit,
353 633 388 718 I,
418 635 469 699 Du
495 654 692 701 rauromnus
718 653 973 716 ouumarrouuu,
1001 633 1036 698 in
1062 634 1127 716 VI;
1154 672 1198 684 ·-
1221 635 1254 700 2.
1282 635 1329 702 Ut

201 755 253 821 hae
285 755 485 820 dimissoriae
515 761 803 842 recognoscantur
833 761 868 820 et
897 753 1127 843 approbentur
1153 779 1173 821 a
1199 757 1328 823 nuntiis

201 868 416 958 apostolicis,
441 869 478 934 in
502 892 647 958 quorum
675 868 851 958 provincia
875 875 955 934 sunt
979 868 1130 958 episcopi
1153 869 1328 936 dimitten-

200 991 272 1064 tes3
313 983 405 1072 quod
442 991 577 1050 constat
609 1006 769 1072 expresse
806 982 935 1049 Urbani
972 981 1053 1048 VIII
1086 984 1328 1051 constitutione

200 1097 360 1182 Secrees,
388 1096 426 1162 It
454 1097 527 1165 dec.
556 1098 682 1179 162l¹;
703 1135 749 1147 -
773 1097 805 1164 3.
832 1097 879 1165 Ut
903 1096 1172 1186 subscriptiones
1195 1100 1330 1165 nuntio-

200 1233 277 1276 rum
300 1217 587 1299 recognoscantur
606 1217 641 1277 et
660 1211 891 1300 approbentur
910 1234 929 1277 a
948 1212 1040 1279 eard.
1063 1212 1165 1280 Urbis
1183 1213 1326 1298 vicario,

200 1324 282 1390 licet
311 1349 380 1390 non
410 1324 452 1390 ab
483 1325 557 1415 ipso
588 1325 757 1390 ordinatio
785 1324 938 1392 iacienda
972 1327 1035 1409 sit;
1070 1327 1163 1416 quod
1195 1333 1330 1393 constat

200 1461 361 1528 expresse
385 1439 504 1505 eadem
526 1438 656 1506 Urbani
680 1439 762 1505 VIII
788 1440 1031 1506 constitutione
1061 1440 1216 1508 Sacratis.
1247 1442 1329 1522 Quae

200 1553 265 1618 tria
286 1553 452 1619 servanda
473 1561 569 1637 sunt,
590 1555 671 1618 licet
690 1553 869 1620 ordinandi
888 1563 1141 1621 commorentur
1164 1554 1200 1621 in
1225 1555 1329 1621 colle-

199 1666 266 1754 giis
286 1674 345 1733 aut
364 1668 556 1734 seminariis
576 1667 702 1749 Italiam
728 1667 785 1733 Iex
809 1667 900 1733 enim
923 1692 993 1733 non
1016 1669 1213 1757 distinguit,
1238 1669 1329 1735 unde

199 1781 235 1845 in
263 1780 328 1846 hoc
357 1805 460 1848 sensu
488 1783 664 1870 respondit
690 1782 726 1851 S.
756 1781 882 1870 Congr.
911 1781 1032 1866 Cone,
1060 1784 1096 1849 in
1126 1784 1326 1868 Bononiam,

202 1895 244 1960 15
264 1895 378 1960 martii
399 1895 486 1963 1692
499 1897 521 1962 ¹.

246 2008 283 2072 2⁰
309 2009 396 2076 Cum
427 2032 496 2075 non
523 2010 655 2076 soleant
682 2010 784 2076 hodie
816 2009 928 2076 nuntii
957 2012 1136 2099 apostolici
1164 2035 1329 2100 recogno-

200 2145 295 2188 scere
311 2122 522 2193 dimissorias
536 2124 802 2190 ordiuandorum
817 2125 852 2190 in
868 2123 982 2208 Italia,
1001 2126 1179 2192 ordinandi
1194 2125 1329 2216 dispen-

200 2236 369 2302 sationem
388 2237 423 2302 in
443 2237 506 2321 hac
525 2239 601 2327 lege
619 2239 796 2326 postulant
815 2262 835 2304 a
854 2239 979 2305 Sancta
999 2239 1102 2323 Sede,
1120 2264 1195 2330 quae
1214 2241 1329 2308 remit-

199 2349 243 2416 tit
260 2373 379 2438 preces
396 2353 439 2417 ad
458 2352 665 2418 cardinalem
684 2351 785 2419 Urbis
804 2352 987 2434 ricarium;
1005 2354 1095 2419 unde
1115 2354 1205 2443 apud
1224 2355 1329 2421 istum

200 2463 401 2530 dimissoriae
420 2473 710 2554 recognoscuntur
723 2489 743 2532 a
757 2465 903 2533 testibus
914 2466 1055 2554 juratis,
1072 2468 1131 2556 qui
1151 2468 1220 2534 sint
1239 2469 1329 2558 ejus-

199 2577 279 2644 dem
298 2580 412 2666 gentis
431 2603 470 2646 ac
490 2579 685 2664 ordinandi,
702 2580 891 2669 praesertim
906 2581 1154 2665 sacerdotibus,
1172 2589 1206 2648 et
1224 2605 1329 2670 nego-

200 2691 325 2758 tiorum
344 2700 480 2780 gestore
500 2693 553 2784 (in
572 2693 681 2784 Urbe)
703 2694 854 2783 episcopi
873 2695 1080 2761 dimittentis
1090 2696 1113 2763 ³.

247 2804 280 2871 3⁰
304 2806 385 2871 Haec
412 2830 482 2873 non
509 2807 682 2896 pertinent
707 2809 750 2874 ad
777 2808 1070 2891 ultramontanos,
1097 2809 1172 2897 qui,
1201 2810 1330 2875 ratione

198 2920 466 3006 familiaritatis,
503 2921 703 2988 ordinentur
735 2921 778 2988 ab
815 2922 973 3010 episeopo
1012 2922 1114 3004 italo,
1151 2923 1247 3011 quia,
1288 2945 1329 2988 ex

200 3031 317 3115 dietis,
338 3033 393 3099 hic
416 3041 470 3100 est
486 3058 567 3101 vere
590 3036 770 3124 episcopus
789 3035 964 3125 proprius,
986 3036 1120 3102 ratione
1146 3037 1329 3102 ordinatio-

200 3145 267 3211 nis.
292 3147 363 3213 Nec
386 3149 509 3215 litterae
532 3150 781 3216 testImoniales
805 3149 959 3240 episcopi
978 3149 1120 3238 originis
1139 3151 1195 3216 vel
1220 3150 1329 3216 domi-

201 3258 287 3342 cilii,
309 3283 386 3350 quae
404 3261 469 3327 hoo
488 3261 523 3327 in
543 3285 625 3328 casu
642 3263 862 3352 requiruntur
879 3263 921 3328 ad
940 3285 1096 3328 normam
1115 3271 1223 3330 const.
1245 3263 1329 3350 Spe-

200 3373 370 3440 culatores
383 3376 406 3458 ⁴,
439 3382 541 3463 egent
575 3377 805 3464 recognitione
832 3377 1030 3442 nuntiorum
1060 3383 1119 3442 aut
1149 3377 1329 3442 cardinalis

199 3486 333 3570 vicarii,
367 3489 447 3578 quia
478 3489 571 3555 bulla
599 3489 730 3558 Urbani
762 3513 832 3556 non
863 3491 1015 3579 quuitur
1041 3491 1108 3555 nisi
1140 3491 1181 3556 de
1210 3490 1329 3556 dimis-

200 3601 313 3666 soriis.

247 3715 281 3779 4⁰
299 3715 512 3782 Vocabulum
535 3717 791 3784 Ultramontani
819 3718 1068 3807 complectitur,
1090 3717 1192 3806 juxta
1217 3718 1330 3806 ipsum

200 3827 379 3896 Urbanum
397 3829 495 3914 VIII,
520 3831 556 3896 in
580 3831 673 3898 bulla
693 3831 853 3916 Secretis,
878 3857 894 3892 <t
917 3831 1105 3920 Hispanos,
1127 3832 1327 3913 Lusitanos,

199 3941 332 4026 Gallos,
345 3944 402 4009 vel
413 3943 615 4028 Germanos
629 3945 782 4034 aliosque
796 3968 1028 4034 quoscumque
1041 3946 1326 4028 ultramontanos,

234 4081 243 4114 ¹
261 4081 335 4132 aasz.
352 4083 438 4142 Rom„
454 4085 474 4134 t.
490 4098 516 4144 r,
532 4086 602 4146 part.
619 4089 646 4144 5,
662 4099 690 4148 p.
706 4089 766 4142 289,
779 4084 823 4133 vel
837 4085 911 4147 apud
926 4081 1098 4144 Honoratum,
1114 4099 1141 4146 p.
1157 4099 1212 4132 vm.

233 4157 246 4194 ²
261 4160 343 4224 Apud
356 4159 513 4221 moracella
528 4161 745 4222 Formutarium,
762 4163 805 4212 tit.
822 4177 862 4222 ru,
879 4161 957 4210 lorm.
973 4167 1012 4221 19,
1029 4177 1055 4212 n.
1071 4165 1099 4221 3,
1116 4165 1135 4211 t.
1149 4176 1171 4222 ι,
1188 4175 1214 4225 p.
1229 4163 1266 4210 71.

234 4237 246 4274 ³
262 4237 307 4288 Sic
321 4254 400 4288 usum
414 4241 528 4303 exponit
542 4231 714 4301 Honorante,
731 4255 754 4290 c.
770 4256 799 4300 x,
815 4243 872 4290 not.
889 4246 917 4300 2,
932 4256 959 4304 p.
972 4245 1098 4288 105-106.

234 4315 246 4348 ⁴
263 4315 340 4366 Bulla
353 4317 554 4381 Speculatores,
570 4322 623 4380 §6;
640 4317 712 4368 Bull.
729 4318 813 4376 Rom„
830 4321 850 4368 t.
867 4334 906 4378 rx,
921 4335 947 4382 p.
962 4323 1018 4367 376.
