<?xml version="1.0" encoding="UTF-8"?>
<!DOCTYPE html PUBLIC "-//W3C//DTD XHTML 1.0 Transitional//EN"
    "http://www.w3.org/TR/xhtml1/DTD/xhtml1-transitional.dtd">
<html xmlns="http://www.w3.org/1999/xhtml" xml:lang="en" lang="en">
 <head>
  <title>
</title>
<meta http-equiv="Content-Type" content="text/html;charset=utf-8" />
  <meta name='ocr-system' content='tesseract 3.04.00' />
  <meta name='ocr-capabilities' content='ocr_page ocr_carea ocr_par ocr_line ocrx_word'/>
</head>
<body>
  <div class='ocr_page' id='page_1' title='image "./praelectionesde00manygoog_0117.png"; bbox 0 0 3290 5060; ppageno 0'>
   <div class='ocr_carea' id='block_1_1' title="bbox 346 457 1204 516">
    <p class='ocr_par' dir='ltr' id='par_1_1' title="bbox 346 457 1204 516">
     <span class='ocr_line' id='line_1_1' title="bbox 346 457 1204 516; baseline 0.007 -6"><span class='ocrx_word' id='word_1_1' title='bbox 346 457 397 511; x_wconf 76' lang='lat'><strong>104</strong></span> <span class='ocrx_word' id='word_1_2' title='bbox 612 462 656 512; x_wconf 79' lang='lat' dir='ltr'><strong>bs</strong></span> <span class='ocrx_word' id='word_1_3' title='bbox 675 462 814 514; x_wconf 81' lang='lat' dir='ltr'>LEGIBUS</span> <span class='ocrx_word' id='word_1_4' title='bbox 833 462 947 514; x_wconf 76' lang='lat' dir='ltr'>SACRAE</span> <span class='ocrx_word' id='word_1_5' title='bbox 966 463 1204 516; x_wconf 75' lang='lat' dir='ltr'><strong>onuiuirlouls</strong></span> 
     </span>
    </p>
   </div>
   <div class='ocr_carea' id='block_1_2' title="bbox 312 604 1485 3314">
    <p class='ocr_par' dir='ltr' id='par_1_2' title="bbox 312 604 1481 2836">
     <span class='ocr_line' id='line_1_2' title="bbox 345 604 1473 694; baseline 0.002 -26"><span class='ocrx_word' id='word_1_6' title='bbox 345 604 540 692; x_wconf 71' lang='lat' dir='ltr'><strong>praedictam</strong></span> <span class='ocrx_word' id='word_1_7' title='bbox 566 605 866 688; x_wconf 79' lang='lat' dir='ltr'><strong>sustentationem,</strong></span> <span class='ocrx_word' id='word_1_8' title='bbox 893 605 941 671; x_wconf 89' lang='lat' dir='ltr'><strong>ita</strong></span> <span class='ocrx_word' id='word_1_9' title='bbox 964 613 1003 672; x_wconf 91' lang='lat' dir='ltr'><strong>ut</strong></span> <span class='ocrx_word' id='word_1_10' title='bbox 1026 606 1101 694; x_wconf 88' lang='lat' dir='ltr'><strong>ejus</strong></span> <span class='ocrx_word' id='word_1_11' title='bbox 1124 605 1365 672; x_wconf 84' lang='lat' dir='ltr'><strong>insufficientia</strong></span> <span class='ocrx_word' id='word_1_12' title='bbox 1389 629 1473 694; x_wconf 93' lang='lat' dir='ltr'><strong>sup-</strong></span> 
     </span>
     <span class='ocr_line' id='line_1_3' title="bbox 345 717 1471 808; baseline 0.004 -28"><span class='ocrx_word' id='word_1_13' title='bbox 345 717 430 804; x_wconf 88' lang='lat' dir='ltr'><strong>pleri</strong></span> <span class='ocrx_word' id='word_1_14' title='bbox 456 725 603 806; x_wconf 83' lang='lat' dir='ltr'>nequeat</span> <span class='ocrx_word' id='word_1_15' title='bbox 629 741 706 783; x_wconf 91' lang='lat' dir='ltr'><strong>cum</strong></span> <span class='ocrx_word' id='word_1_16' title='bbox 733 718 922 806; x_wconf 88' lang='lat' dir='ltr'><strong>adjectione</strong></span> <span class='ocrx_word' id='word_1_17' title='bbox 944 721 1164 806; x_wconf 77' lang='lat' dir='ltr'><em>patrimonii,</em></span> <span class='ocrx_word' id='word_1_18' title='bbox 1190 720 1293 788; x_wconf 88' lang='lat' dir='ltr'><strong>etiam</strong></span> <span class='ocrx_word' id='word_1_19' title='bbox 1318 719 1471 808; x_wconf 87' lang='lat' dir='ltr'><strong>pinguis.</strong></span> 
     </span>
     <span class='ocr_line' id='line_1_4' title="bbox 312 829 1474 900; baseline 0.001 -4"><span class='ocrx_word' id='word_1_20' title='bbox 312 871 315 876; x_wconf 94' lang='lat'>·</span> <span class='ocrx_word' id='word_1_21' title='bbox 347 829 490 896; x_wconf 76' lang='lat' dir='ltr'><strong>Constat</strong></span> <span class='ocrx_word' id='word_1_22' title='bbox 517 831 703 896; x_wconf 82' lang='lat' dir='ltr'><strong>clarissime</strong></span> <span class='ocrx_word' id='word_1_23' title='bbox 731 838 829 897; x_wconf 87' lang='lat' dir='ltr'><strong>textu</strong></span> <span class='ocrx_word' id='word_1_24' title='bbox 857 833 974 899; x_wconf 90' lang='lat' dir='ltr'><strong>citato.</strong></span> <span class='ocrx_word' id='word_1_25' title='bbox 1002 871 1046 884; x_wconf 90' lang='lat'>-</span> <span class='ocrx_word' id='word_1_26' title='bbox 1071 833 1166 900; x_wconf 93' lang='lat' dir='ltr'><strong>Nihil</strong></span> <span class='ocrx_word' id='word_1_27' title='bbox 1193 841 1308 900; x_wconf 87' lang='lat' dir='ltr'><strong>autem</strong></span> <span class='ocrx_word' id='word_1_28' title='bbox 1336 832 1474 898; x_wconf 90' lang='lat' dir='ltr'><strong>obstare</strong></span> 
     </span>
     <span class='ocr_line' id='line_1_5' title="bbox 346 943 1474 1036; baseline 0.003 -28"><span class='ocrx_word' id='word_1_29' title='bbox 346 943 482 1008; x_wconf 88' lang='lat' dir='ltr'><strong>videtur</strong></span> <span class='ocrx_word' id='word_1_30' title='bbox 495 944 578 1032; x_wconf 94' lang='lat' dir='ltr'><strong>quin</strong></span> <span class='ocrx_word' id='word_1_31' title='bbox 598 944 837 1010; x_wconf 82' lang='lat' dir='ltr'><strong>insufficientia</strong></span> <span class='ocrx_word' id='word_1_32' title='bbox 851 944 1007 1012; x_wconf 88' lang='lat' dir='ltr'><strong>beneficii</strong></span> <span class='ocrx_word' id='word_1_33' title='bbox 1022 948 1221 1036; x_wconf 84' lang='lat' dir='ltr'><strong>suppleatur</strong></span> <span class='ocrx_word' id='word_1_34' title='bbox 1236 971 1277 1012; x_wconf 84' lang='lat' dir='ltr'><strong>ex</strong></span> <span class='ocrx_word' id='word_1_35' title='bbox 1292 948 1359 1012; x_wconf 85' lang='lat' dir='ltr'><strong>alio</strong></span> <span class='ocrx_word' id='word_1_36' title='bbox 1375 948 1474 1012; x_wconf 87' lang='lat' dir='ltr'><strong>bene-</strong></span> 
     </span>
     <span class='ocr_line' id='line_1_6' title="bbox 345 1058 1473 1148; baseline 0.003 -26"><span class='ocrx_word' id='word_1_37' title='bbox 345 1059 420 1143; x_wconf 78' lang='lat' dir='ltr'><strong>ficio</strong></span> <span class='ocrx_word' id='word_1_38' title='bbox 448 1059 482 1122; x_wconf 87' lang='lat' dir='ltr'><strong>in</strong></span> <span class='ocrx_word' id='word_1_39' title='bbox 512 1059 628 1123; x_wconf 87' lang='lat' dir='ltr'><strong>eadem</strong></span> <span class='ocrx_word' id='word_1_40' title='bbox 654 1060 784 1124; x_wconf 79' lang='lat' dir='ltr'><strong>dioecesi</strong></span> <span class='ocrx_word' id='word_1_41' title='bbox 813 1058 857 1124; x_wconf 90' lang='lat' dir='ltr'><strong>ab</strong></span> <span class='ocrx_word' id='word_1_42' title='bbox 883 1060 1003 1126; x_wconf 90' lang='lat' dir='ltr'><strong>eodem</strong></span> <span class='ocrx_word' id='word_1_43' title='bbox 1033 1061 1156 1127; x_wconf 90' lang='lat' dir='ltr'><strong>clerico</strong></span> <span class='ocrx_word' id='word_1_44' title='bbox 1187 1081 1363 1148; x_wconf 87' lang='lat' dir='ltr'><strong>possesso;</strong></span> <span class='ocrx_word' id='word_1_45' title='bbox 1392 1083 1473 1126; x_wconf 92' lang='lat' dir='ltr'><strong>nam</strong></span> 
     </span>
     <span class='ocr_line' id='line_1_7' title="bbox 346 1155 1475 1260; baseline 0.003 -25"><span class='ocrx_word' id='word_1_46' title='bbox 346 1171 438 1260; x_wconf 88' lang='lat' dir='ltr'><strong>quod</strong></span> <span class='ocrx_word' id='word_1_47' title='bbox 463 1171 605 1238; x_wconf 90' lang='lat' dir='ltr'><strong>clericus</strong></span> <span class='ocrx_word' id='word_1_48' title='bbox 631 1174 666 1237; x_wconf 89' lang='lat' dir='ltr'><strong>in</strong></span> <span class='ocrx_word' id='word_1_49' title='bbox 690 1175 806 1238; x_wconf 85' lang='lat' dir='ltr'><strong>eadem</strong></span> <span class='ocrx_word' id='word_1_50' title='bbox 829 1155 960 1240; x_wconf 78' lang='lat' dir='ltr'><strong>dioeeeai</strong></span> <span class='ocrx_word' id='word_1_51' title='bbox 982 1174 1106 1241; x_wconf 88' lang='lat' dir='ltr'><strong>habeat</strong></span> <span class='ocrx_word' id='word_1_52' title='bbox 1131 1177 1187 1241; x_wconf 93' lang='lat' dir='ltr'><strong>vel</strong></span> <span class='ocrx_word' id='word_1_53' title='bbox 1215 1198 1323 1241; x_wconf 85' lang='lat' dir='ltr'><strong>unum</strong></span> <span class='ocrx_word' id='word_1_54' title='bbox 1348 1175 1475 1258; x_wconf 77' lang='lat' dir='ltr'><strong>benefi-</strong></span> 
     </span>
     <span class='ocr_line' id='line_1_8' title="bbox 345 1287 1472 1376; baseline 0.002 -26"><span class='ocrx_word' id='word_1_55' title='bbox 345 1289 437 1351; x_wconf 88' lang='lat' dir='ltr'><strong>cium</strong></span> <span class='ocrx_word' id='word_1_56' title='bbox 461 1288 652 1372; x_wconf 80' lang='lat' dir='ltr'><strong>ausficiens,</strong></span> <span class='ocrx_word' id='word_1_57' title='bbox 679 1287 734 1352; x_wconf 90' lang='lat' dir='ltr'><strong>vel</strong></span> <span class='ocrx_word' id='word_1_58' title='bbox 758 1289 825 1353; x_wconf 90' lang='lat' dir='ltr'><strong>duo</strong></span> <span class='ocrx_word' id='word_1_59' title='bbox 851 1289 1012 1374; x_wconf 82' lang='lat' dir='ltr'><strong>beneficia</strong></span> <span class='ocrx_word' id='word_1_60' title='bbox 1037 1289 1142 1354; x_wconf 76' lang='lat' dir='ltr'><strong>simut</strong></span> <span class='ocrx_word' id='word_1_61' title='bbox 1166 1291 1390 1376; x_wconf 77' lang='lat' dir='ltr'><strong>sufficientia,</strong></span> <span class='ocrx_word' id='word_1_62' title='bbox 1419 1287 1472 1366; x_wconf 91' lang='lat' dir='ltr'><strong>id,</strong></span> 
     </span>
     <span class='ocr_line' id='line_1_9' title="bbox 345 1401 1475 1492; baseline 0 -26"><span class='ocrx_word' id='word_1_63' title='bbox 345 1401 487 1466; x_wconf 81' lang='lat' dir='ltr'><strong>relative</strong></span> <span class='ocrx_word' id='word_1_64' title='bbox 506 1401 550 1467; x_wconf 89' lang='lat' dir='ltr'><strong>ad</strong></span> <span class='ocrx_word' id='word_1_65' title='bbox 569 1401 683 1466; x_wconf 87' lang='lat' dir='ltr'><strong>elerici</strong></span> <span class='ocrx_word' id='word_1_66' title='bbox 702 1403 987 1469; x_wconf 86' lang='lat' dir='ltr'><strong>sustentationem</strong></span> <span class='ocrx_word' id='word_1_67' title='bbox 1007 1411 1041 1469; x_wconf 90' lang='lat' dir='ltr'><strong>et</strong></span> <span class='ocrx_word' id='word_1_68' title='bbox 1056 1404 1113 1492; x_wconf 85' lang='lat' dir='ltr'><strong>jus</strong></span> <span class='ocrx_word' id='word_1_69' title='bbox 1133 1403 1325 1492; x_wconf 85' lang='lat' dir='ltr'><strong>episcopale</strong></span> <span class='ocrx_word' id='word_1_70' title='bbox 1340 1402 1475 1468; x_wconf 90' lang='lat' dir='ltr'><strong>ordina-</strong></span> 
     </span>
     <span class='ocr_line' id='line_1_10' title="bbox 346 1515 1474 1604; baseline 0 -24"><span class='ocrx_word' id='word_1_71' title='bbox 346 1515 466 1598; x_wconf 78' lang='lat' dir='ltr'><strong>tioniS,</strong></span> <span class='ocrx_word' id='word_1_72' title='bbox 492 1538 631 1604; x_wconf 89' lang='lat' dir='ltr'><strong>prorsus</strong></span> <span class='ocrx_word' id='word_1_73' title='bbox 654 1515 744 1581; x_wconf 90' lang='lat' dir='ltr'><strong>idem</strong></span> <span class='ocrx_word' id='word_1_74' title='bbox 769 1539 844 1581; x_wconf 89' lang='lat' dir='ltr'><strong>esse</strong></span> <span class='ocrx_word' id='word_1_75' title='bbox 868 1517 1021 1598; x_wconf 72' lang='lat' dir='ltr'><strong>videtur,</strong></span> <span class='ocrx_word' id='word_1_76' title='bbox 1048 1517 1116 1583; x_wconf 93' lang='lat' dir='ltr'><strong>imo</strong></span> <span class='ocrx_word' id='word_1_77' title='bbox 1142 1517 1377 1598; x_wconf 85' lang='lat' dir='ltr'><strong>Innocentius,</strong></span> <span class='ocrx_word' id='word_1_78' title='bbox 1404 1539 1474 1581; x_wconf 93' lang='lat' dir='ltr'><strong>non</strong></span> 
     </span>
     <span class='ocr_line' id='line_1_11' title="bbox 346 1629 1474 1718; baseline -0.002 -22"><span class='ocrx_word' id='word_1_79' title='bbox 346 1629 529 1718; x_wconf 89' lang='lat' dir='ltr'><strong>prohibens</strong></span> <span class='ocrx_word' id='word_1_80' title='bbox 549 1630 614 1695; x_wconf 92' lang='lat' dir='ltr'><strong>nisi</strong></span> <span class='ocrx_word' id='word_1_81' title='bbox 638 1631 862 1717; x_wconf 85' lang='lat' dir='ltr'><strong>adjectionem</strong></span> <span class='ocrx_word' id='word_1_82' title='bbox 876 1633 1096 1717; x_wconf 82' lang='lat' dir='ltr'><strong>patrimonii,</strong></span> <span class='ocrx_word' id='word_1_83' title='bbox 1119 1632 1232 1696; x_wconf 88' lang='lat' dir='ltr'><strong>innuit</strong></span> <span class='ocrx_word' id='word_1_84' title='bbox 1250 1631 1379 1696; x_wconf 90' lang='lat' dir='ltr'><strong>licitam</strong></span> <span class='ocrx_word' id='word_1_85' title='bbox 1398 1653 1474 1695; x_wconf 89' lang='lat' dir='ltr'><strong>esse</strong></span> 
     </span>
     <span class='ocr_line' id='line_1_12' title="bbox 346 1744 1471 1832; baseline 0 -24"><span class='ocrx_word' id='word_1_86' title='bbox 346 1745 570 1831; x_wconf 84' lang='lat' dir='ltr'><strong>adjectionem</strong></span> <span class='ocrx_word' id='word_1_87' title='bbox 594 1744 735 1809; x_wconf 76' lang='lat' dir='ltr'><strong>atterius</strong></span> <span class='ocrx_word' id='word_1_88' title='bbox 758 1745 911 1830; x_wconf 77' lang='lat' dir='ltr'><strong>beneficii</strong></span> <span class='ocrx_word' id='word_1_89' title='bbox 933 1745 967 1810; x_wconf 94' lang='lat' dir='ltr'><strong>in</strong></span> <span class='ocrx_word' id='word_1_90' title='bbox 992 1744 1112 1811; x_wconf 88' lang='lat' dir='ltr'><strong>eadem</strong></span> <span class='ocrx_word' id='word_1_91' title='bbox 1131 1745 1269 1811; x_wconf 87' lang='lat' dir='ltr'><strong>dioecesi</strong></span> <span class='ocrx_word' id='word_1_92' title='bbox 1287 1744 1471 1832; x_wconf 84' lang='lat' dir='ltr'><strong>possessi¹.</strong></span> 
     </span>
     <span class='ocr_line' id='line_1_13' title="bbox 347 1857 1476 1944; baseline 0 -23"><span class='ocrx_word' id='word_1_93' title='bbox 347 1859 431 1923; x_wconf 91' lang='lat' dir='ltr'><strong>Dico</strong></span> <span class='ocrx_word' id='word_1_94' title='bbox 451 1859 485 1922; x_wconf 85' lang='lat' dir='ltr'><strong>in</strong></span> <span class='ocrx_word' id='word_1_95' title='bbox 504 1859 618 1923; x_wconf 85' lang='lat' dir='ltr'><strong>cadem</strong></span> <span class='ocrx_word' id='word_1_96' title='bbox 635 1859 765 1922; x_wconf 80' lang='lat' dir='ltr'><strong>dioeceai</strong></span> <span class='ocrx_word' id='word_1_97' title='bbox 775 1881 926 1944; x_wconf 76' lang='lat' dir='ltr'><strong>possesso</strong></span> <span class='ocrx_word' id='word_1_98' title='bbox 932 1881 946 1942; x_wconf 89' lang='lat'><em>;</em></span> <span class='ocrx_word' id='word_1_99' title='bbox 960 1881 1040 1924; x_wconf 88' lang='lat' dir='ltr'><strong>nam</strong></span> <span class='ocrx_word' id='word_1_100' title='bbox 1057 1859 1186 1924; x_wconf 90' lang='lat' dir='ltr'><strong>clarum</strong></span> <span class='ocrx_word' id='word_1_101' title='bbox 1200 1867 1252 1924; x_wconf 91' lang='lat' dir='ltr'><strong>est</strong></span> <span class='ocrx_word' id='word_1_102' title='bbox 1272 1857 1476 1924; x_wconf 88' lang='lat' dir='ltr'><strong>beneficium</strong></span> 
     </span>
     <span class='ocr_line' id='line_1_14' title="bbox 347 1971 1476 2063; baseline 0.001 -29"><span class='ocrx_word' id='word_1_103' title='bbox 347 1971 555 2036; x_wconf 88' lang='lat' dir='ltr'><strong>insuiliciens</strong></span> <span class='ocrx_word' id='word_1_104' title='bbox 579 1971 615 2036; x_wconf 91' lang='lat' dir='ltr'><strong>in</strong></span> <span class='ocrx_word' id='word_1_105' title='bbox 638 1971 776 2037; x_wconf 89' lang='lat' dir='ltr'><strong>dioecesi</strong></span> <span class='ocrx_word' id='word_1_106' title='bbox 800 1973 832 2037; x_wconf 84' lang='lat' dir='ltr'><strong>A</strong></span> <span class='ocrx_word' id='word_1_107' title='bbox 857 1995 925 2038; x_wconf 94' lang='lat' dir='ltr'><strong>non</strong></span> <span class='ocrx_word' id='word_1_108' title='bbox 949 1995 1049 2061; x_wconf 89' lang='lat' dir='ltr'><strong>posse</strong></span> <span class='ocrx_word' id='word_1_109' title='bbox 1078 1973 1245 2063; x_wconf 91' lang='lat' dir='ltr'><strong>suppleri,</strong></span> <span class='ocrx_word' id='word_1_110' title='bbox 1272 1972 1413 2037; x_wconf 87' lang='lat' dir='ltr'><strong>relative</strong></span> <span class='ocrx_word' id='word_1_111' title='bbox 1433 1971 1476 2036; x_wconf 91' lang='lat' dir='ltr'><strong>ad</strong></span> 
     </span>
     <span class='ocr_line' id='line_1_15' title="bbox 348 2083 1473 2167; baseline 0.001 -18"><span class='ocrx_word' id='word_1_112' title='bbox 348 2085 598 2151; x_wconf 91' lang='lat' dir='ltr'><strong>ordinationem</strong></span> <span class='ocrx_word' id='word_1_113' title='bbox 623 2083 832 2167; x_wconf 90' lang='lat' dir='ltr'><strong>beneliciati,</strong></span> <span class='ocrx_word' id='word_1_114' title='bbox 861 2111 903 2150; x_wconf 88' lang='lat' dir='ltr'><strong>ex</strong></span> <span class='ocrx_word' id='word_1_115' title='bbox 929 2086 995 2152; x_wconf 88' lang='lat' dir='ltr'><strong>alio</strong></span> <span class='ocrx_word' id='word_1_116' title='bbox 1022 2085 1187 2152; x_wconf 88' lang='lat' dir='ltr'><strong>beneficio</strong></span> <span class='ocrx_word' id='word_1_117' title='bbox 1214 2087 1249 2152; x_wconf 92' lang='lat' dir='ltr'><strong>in</strong></span> <span class='ocrx_word' id='word_1_118' title='bbox 1268 2085 1407 2151; x_wconf 80' lang='lat' dir='ltr'><strong>dioecesi</strong></span> <span class='ocrx_word' id='word_1_119' title='bbox 1427 2086 1473 2164; x_wconf 88' lang='lat' dir='ltr'><strong>B;</strong></span> 
     </span>
     <span class='ocr_line' id='line_1_16' title="bbox 348 2198 1477 2289; baseline 0.001 -26"><span class='ocrx_word' id='word_1_120' title='bbox 348 2198 551 2264; x_wconf 83' lang='lat' dir='ltr'><strong>beneficium</strong></span> <span class='ocrx_word' id='word_1_121' title='bbox 584 2200 675 2264; x_wconf 92' lang='lat' dir='ltr'><strong>enim</strong></span> <span class='ocrx_word' id='word_1_122' title='bbox 708 2201 743 2266; x_wconf 93' lang='lat' dir='ltr'><strong>in</strong></span> <span class='ocrx_word' id='word_1_123' title='bbox 774 2200 912 2266; x_wconf 88' lang='lat' dir='ltr'><strong>dioecesi</strong></span> <span class='ocrx_word' id='word_1_124' title='bbox 945 2201 971 2265; x_wconf 93' lang='lat' dir='ltr'>B</span> <span class='ocrx_word' id='word_1_125' title='bbox 1002 2200 1087 2265; x_wconf 92' lang='lat' dir='ltr'><strong>nihil</strong></span> <span class='ocrx_word' id='word_1_126' title='bbox 1113 2201 1202 2289; x_wconf 89' lang='lat' dir='ltr'><strong>juris</strong></span> <span class='ocrx_word' id='word_1_127' title='bbox 1233 2199 1385 2266; x_wconf 82' lang='lat' dir='ltr'><strong>conterre</strong></span> <span class='ocrx_word' id='word_1_128' title='bbox 1418 2205 1477 2264; x_wconf 89' lang='lat' dir='ltr'><strong>aut</strong></span> 
     </span>
     <span class='ocr_line' id='line_1_17' title="bbox 349 2312 1478 2403; baseline -0.001 -25"><span class='ocrx_word' id='word_1_129' title='bbox 349 2312 471 2378; x_wconf 89' lang='lat' dir='ltr'><strong>addere</strong></span> <span class='ocrx_word' id='word_1_130' title='bbox 497 2321 610 2401; x_wconf 91' lang='lat' dir='ltr'><strong>potest</strong></span> <span class='ocrx_word' id='word_1_131' title='bbox 633 2313 792 2403; x_wconf 90' lang='lat' dir='ltr'><strong>episcopo</strong></span> <span class='ocrx_word' id='word_1_132' title='bbox 812 2313 968 2380; x_wconf 87' lang='lat' dir='ltr'><strong>dioecesis</strong></span> <span class='ocrx_word' id='word_1_133' title='bbox 992 2315 1036 2380; x_wconf 90' lang='lat' dir='ltr'><strong>A.</strong></span> <span class='ocrx_word' id='word_1_134' title='bbox 1062 2315 1173 2380; x_wconf 92' lang='lat' dir='ltr'><strong>—Ut</strong></span> <span class='ocrx_word' id='word_1_135' title='bbox 1197 2321 1311 2379; x_wconf 92' lang='lat' dir='ltr'><strong>autem</strong></span> <span class='ocrx_word' id='word_1_136' title='bbox 1335 2313 1478 2378; x_wconf 90' lang='lat' dir='ltr'><strong>authen-</strong></span> 
     </span>
     <span class='ocr_line' id='line_1_18' title="bbox 350 2426 1476 2515; baseline -0.001 -24"><span class='ocrx_word' id='word_1_137' title='bbox 350 2426 415 2492; x_wconf 87' lang='lat' dir='ltr'><strong>tice</strong></span> <span class='ocrx_word' id='word_1_138' title='bbox 449 2435 584 2492; x_wconf 88' lang='lat' dir='ltr'><strong>constet</strong></span> <span class='ocrx_word' id='word_1_139' title='bbox 610 2427 652 2492; x_wconf 92' lang='lat' dir='ltr'><strong>de</strong></span> <span class='ocrx_word' id='word_1_140' title='bbox 679 2427 790 2493; x_wconf 86' lang='lat' dir='ltr'><strong>reditu</strong></span> <span class='ocrx_word' id='word_1_141' title='bbox 823 2427 978 2492; x_wconf 88' lang='lat' dir='ltr'><strong>beneficii</strong></span> <span class='ocrx_word' id='word_1_142' title='bbox 1006 2434 1040 2494; x_wconf 90' lang='lat' dir='ltr'><strong>et</strong></span> <span class='ocrx_word' id='word_1_143' title='bbox 1069 2427 1110 2492; x_wconf 88' lang='lat' dir='ltr'><strong>de</strong></span> <span class='ocrx_word' id='word_1_144' title='bbox 1147 2427 1220 2515; x_wconf 88' lang='lat' dir='ltr'><strong>ejus</strong></span> <span class='ocrx_word' id='word_1_145' title='bbox 1254 2426 1476 2507; x_wconf 88' lang='lat' dir='ltr'><strong>sufficientia,</strong></span> 
     </span>
     <span class='ocr_line' id='line_1_19' title="bbox 350 2541 1479 2630; baseline -0.003 -24"><span class='ocrx_word' id='word_1_146' title='bbox 350 2542 529 2630; x_wconf 90' lang='lat' dir='ltr'><strong>episcopus</strong></span> <span class='ocrx_word' id='word_1_147' title='bbox 555 2542 717 2606; x_wconf 89' lang='lat' dir='ltr'><strong>ordinans</strong></span> <span class='ocrx_word' id='word_1_148' title='bbox 744 2541 873 2606; x_wconf 89' lang='lat' dir='ltr'><strong>ratione</strong></span> <span class='ocrx_word' id='word_1_149' title='bbox 899 2541 1056 2606; x_wconf 86' lang='lat' dir='ltr'><strong>beneficii</strong></span> <span class='ocrx_word' id='word_1_150' title='bbox 1082 2541 1220 2608; x_wconf 90' lang='lat' dir='ltr'><strong>debebit</strong></span> <span class='ocrx_word' id='word_1_151' title='bbox 1247 2549 1364 2606; x_wconf 88' lang='lat' dir='ltr'><strong>notare</strong></span> <span class='ocrx_word' id='word_1_152' title='bbox 1388 2541 1479 2604; x_wconf 91' lang='lat' dir='ltr'><strong>hunc</strong></span> 
     </span>
     <span class='ocr_line' id='line_1_20' title="bbox 350 2651 1481 2742; baseline -0.004 -21"><span class='ocrx_word' id='word_1_153' title='bbox 350 2655 497 2721; x_wconf 90' lang='lat' dir='ltr'><strong>reditum</strong></span> <span class='ocrx_word' id='word_1_154' title='bbox 531 2657 566 2719; x_wconf 96' lang='lat' dir='ltr'><strong>in</strong></span> <span class='ocrx_word' id='word_1_155' title='bbox 600 2655 725 2742; x_wconf 88' lang='lat' dir='ltr'><strong>scripta</strong></span> <span class='ocrx_word' id='word_1_156' title='bbox 752 2655 971 2720; x_wconf 87' lang='lat' dir='ltr'><strong>attestatione</strong></span> <span class='ocrx_word' id='word_1_157' title='bbox 995 2655 1112 2721; x_wconf 92' lang='lat' dir='ltr'><strong>collati</strong></span> <span class='ocrx_word' id='word_1_158' title='bbox 1144 2655 1291 2738; x_wconf 87' lang='lat' dir='ltr'><strong>ordinis,</strong></span> <span class='ocrx_word' id='word_1_159' title='bbox 1320 2661 1359 2720; x_wconf 91' lang='lat' dir='ltr'><strong>ut</strong></span> <span class='ocrx_word' id='word_1_160' title='bbox 1380 2651 1481 2742; x_wconf 91' lang='lat' dir='ltr'><strong>jubet</strong></span> 
     </span>
     <span class='ocr_line' id='line_1_21' title="bbox 352 2769 1133 2836; baseline 0 -1"><span class='ocrx_word' id='word_1_161' title='bbox 352 2770 455 2836; x_wconf 91' lang='lat' dir='ltr'><strong>etiam</strong></span> <span class='ocrx_word' id='word_1_162' title='bbox 474 2769 693 2835; x_wconf 86' lang='lat' dir='ltr'><strong>Innocentius</strong></span> <span class='ocrx_word' id='word_1_163' title='bbox 712 2769 748 2834; x_wconf 93' lang='lat' dir='ltr'><strong>in</strong></span> <span class='ocrx_word' id='word_1_164' title='bbox 767 2769 858 2834; x_wconf 90' lang='lat' dir='ltr'><strong>dicta</strong></span> <span class='ocrx_word' id='word_1_165' title='bbox 877 2769 1133 2835; x_wconf 88' lang='lat' dir='ltr'><strong>constitutione.</strong></span> 
     </span>
    </p>

    <p class='ocr_par' dir='ltr' id='par_1_3' title="bbox 354 2881 1485 3314">
     <span class='ocr_line' id='line_1_22' title="bbox 398 2881 1482 2970; baseline -0.006 -20"><span class='ocrx_word' id='word_1_166' title='bbox 398 2885 432 2950; x_wconf 78' lang='grc' dir='ltr'><strong>2ο</strong></span> <span class='ocrx_word' id='word_1_167' title='bbox 459 2885 603 2967; x_wconf 88' lang='lat' dir='ltr'><strong>Verum,</strong></span> <span class='ocrx_word' id='word_1_168' title='bbox 634 2907 711 2948; x_wconf 89' lang='lat' dir='ltr'><strong>oum</strong></span> <span class='ocrx_word' id='word_1_169' title='bbox 740 2882 835 2948; x_wconf 89' lang='lat' dir='ltr'><strong>bulla</strong></span> <span class='ocrx_word' id='word_1_170' title='bbox 863 2882 1125 2966; x_wconf 74' lang='lat' dir='ltr'><strong>Innocentiam,</strong></span> <span class='ocrx_word' id='word_1_171' title='bbox 1157 2889 1196 2948; x_wconf 94' lang='lat' dir='ltr'><strong>ut</strong></span> <span class='ocrx_word' id='word_1_172' title='bbox 1225 2882 1303 2970; x_wconf 91' lang='lat' dir='ltr'><strong>quis</strong></span> <span class='ocrx_word' id='word_1_173' title='bbox 1332 2881 1482 2946; x_wconf 88' lang='lat' dir='ltr'><strong>ordinari</strong></span> 
     </span>
     <span class='ocr_line' id='line_1_23' title="bbox 354 2995 1483 3088; baseline -0.006 -24"><span class='ocrx_word' id='word_1_174' title='bbox 354 2999 463 3088; x_wconf 90' lang='lat' dir='ltr'><strong>possit</strong></span> <span class='ocrx_word' id='word_1_175' title='bbox 489 2999 620 3064; x_wconf 88' lang='lat' dir='ltr'><strong>ratione</strong></span> <span class='ocrx_word' id='word_1_176' title='bbox 646 2997 818 3082; x_wconf 83' lang='lat' dir='ltr'><strong>beneficii,</strong></span> <span class='ocrx_word' id='word_1_177' title='bbox 843 2997 997 3085; x_wconf 89' lang='lat' dir='ltr'><strong>requirat</strong></span> <span class='ocrx_word' id='word_1_178' title='bbox 1019 2995 1257 3062; x_wconf 91' lang='lat' dir='ltr'><strong>tantummodo</strong></span> <span class='ocrx_word' id='word_1_179' title='bbox 1281 2996 1483 3079; x_wconf 76' lang='lat' dir='ltr'><strong>beneficium</strong></span> 
     </span>
     <span class='ocr_line' id='line_1_24' title="bbox 357 3109 1484 3202; baseline -0.003 -26"><span class='ocrx_word' id='word_1_180' title='bbox 357 3113 475 3202; x_wconf 85' lang='lat' dir='ltr'><strong>(modo</strong></span> <span class='ocrx_word' id='word_1_181' title='bbox 507 3113 552 3178; x_wconf 88' lang='lat' dir='ltr'><strong>sit</strong></span> <span class='ocrx_word' id='word_1_182' title='bbox 581 3134 779 3202; x_wconf 86' lang='lat' dir='ltr'><strong>possessum</strong></span> <span class='ocrx_word' id='word_1_183' title='bbox 807 3113 946 3201; x_wconf 87' lang='lat' dir='ltr'><strong>pacifice</strong></span> <span class='ocrx_word' id='word_1_184' title='bbox 974 3117 1009 3176; x_wconf 91' lang='lat' dir='ltr'><strong>et</strong></span> <span class='ocrx_word' id='word_1_185' title='bbox 1039 3109 1245 3198; x_wconf 80' lang='lat' dir='ltr'><strong>sufficiens),</strong></span> <span class='ocrx_word' id='word_1_186' title='bbox 1279 3109 1364 3174; x_wconf 90' lang='lat' dir='ltr'><strong>nihil</strong></span> <span class='ocrx_word' id='word_1_187' title='bbox 1392 3109 1484 3174; x_wconf 86' lang='lat' dir='ltr'><strong>ultra</strong></span> 
     </span>
     <span class='ocr_line' id='line_1_25' title="bbox 356 3223 1485 3314; baseline -0.005 -22"><span class='ocrx_word' id='word_1_188' title='bbox 356 3226 496 3310; x_wconf 92' lang='lat' dir='ltr'><strong>addens,</strong></span> <span class='ocrx_word' id='word_1_189' title='bbox 510 3227 581 3292; x_wconf 85' lang='lat' dir='ltr'><strong>haec</strong></span> <span class='ocrx_word' id='word_1_190' title='bbox 592 3233 801 3314; x_wconf 88' lang='lat' dir='ltr'><strong>sequuntur:</strong></span> <span class='ocrx_word' id='word_1_191' title='bbox 817 3225 848 3291; x_wconf 91' lang='lat' dir='ltr'><strong>l.</strong></span> <span class='ocrx_word' id='word_1_192' title='bbox 861 3224 1024 3291; x_wconf 80' lang='lat' dir='ltr'><strong>sulficere</strong></span> <span class='ocrx_word' id='word_1_193' title='bbox 1034 3223 1237 3289; x_wconf 86' lang='lat' dir='ltr'><strong>beneficium</strong></span> <span class='ocrx_word' id='word_1_194' title='bbox 1250 3223 1408 3309; x_wconf 75' lang='lat' dir='ltr'><strong>simplex,</strong></span> <span class='ocrx_word' id='word_1_195' title='bbox 1421 3244 1485 3287; x_wconf 86' lang='lat' dir='ltr'><strong>nee</strong></span> 
     </span>
    </p>
   </div>
   <div class='ocr_carea' id='block_1_3' title="bbox 357 3335 1488 3534">
    <p class='ocr_par' dir='ltr' id='par_1_4' title="bbox 357 3335 1488 3534">
     <span class='ocr_line' id='line_1_26' title="bbox 357 3335 1487 3428; baseline -0.005 -22"><span class='ocrx_word' id='word_1_196' title='bbox 357 3341 426 3406; x_wconf 92' lang='lat' dir='ltr'><strong>ullo</strong></span> <span class='ocrx_word' id='word_1_197' title='bbox 447 3340 547 3406; x_wconf 93' lang='lat' dir='ltr'><strong>modo</strong></span> <span class='ocrx_word' id='word_1_198' title='bbox 567 3340 693 3428; x_wconf 89' lang='lat' dir='ltr'><strong>requiri</strong></span> <span class='ocrx_word' id='word_1_199' title='bbox 712 3339 947 3420; x_wconf 87' lang='lat' dir='ltr'><strong>residentiale;</strong></span> <span class='ocrx_word' id='word_1_200' title='bbox 965 3379 1010 3387; x_wconf 98' lang='lat'><em>-</em></span> <span class='ocrx_word' id='word_1_201' title='bbox 1028 3339 1061 3405; x_wconf 85' lang='lat'><strong>2.</strong></span> <span class='ocrx_word' id='word_1_202' title='bbox 1079 3338 1241 3406; x_wconf 87' lang='lat' dir='ltr'><strong>Sufficere</strong></span> <span class='ocrx_word' id='word_1_203' title='bbox 1261 3337 1364 3402; x_wconf 87' lang='lat' dir='ltr'><strong>etiam</strong></span> <span class='ocrx_word' id='word_1_204' title='bbox 1383 3335 1487 3401; x_wconf 91' lang='lat' dir='ltr'><strong>bene-</strong></span> 
     </span>
     <span class='ocr_line' id='line_1_27' title="bbox 357 3441 1488 3534; baseline -0.004 -22"><span class='ocrx_word' id='word_1_205' title='bbox 357 3448 472 3512; x_wconf 87' lang='lat' dir='ltr'><strong>iioium</strong></span> <span class='ocrx_word' id='word_1_206' title='bbox 497 3447 668 3532; x_wconf 79' lang='lat' dir='ltr'><strong>manuale,</strong></span> <span class='ocrx_word' id='word_1_207' title='bbox 691 3471 754 3512; x_wconf 93' lang='lat' dir='ltr'><strong>nec</strong></span> <span class='ocrx_word' id='word_1_208' title='bbox 777 3445 905 3534; x_wconf 90' lang='lat' dir='ltr'><strong>requiri</strong></span> <span class='ocrx_word' id='word_1_209' title='bbox 927 3453 1147 3534; x_wconf 64' lang='lat' dir='ltr'><strong>perpetuum</strong></span> <span class='ocrx_word' id='word_1_210' title='bbox 1173 3467 1250 3509; x_wconf 90' lang='lat' dir='ltr'><strong>cum</strong></span> <span class='ocrx_word' id='word_1_211' title='bbox 1276 3443 1367 3508; x_wconf 91' lang='lat' dir='ltr'><strong>enim</strong></span> <span class='ocrx_word' id='word_1_212' title='bbox 1391 3441 1488 3508; x_wconf 90' lang='lat' dir='ltr'><strong>bulla</strong></span> 
     </span>
    </p>
   </div>
   <div class='ocr_carea' id='block_1_4' title="bbox 360 3555 1489 3647">
    <p class='ocr_par' dir='ltr' id='par_1_5' title="bbox 360 3555 1489 3647">
     <span class='ocr_line' id='line_1_28' title="bbox 360 3555 1489 3647; baseline -0.005 -21"><span class='ocrx_word' id='word_1_213' title='bbox 360 3561 601 3627; x_wconf 87' lang='lat' dir='ltr'><strong>innocentiana</strong></span> <span class='ocrx_word' id='word_1_214' title='bbox 625 3561 670 3625; x_wconf 88' lang='lat' dir='ltr'><strong>sit</strong></span> <span class='ocrx_word' id='word_1_215' title='bbox 693 3560 877 3626; x_wconf 80' lang='lat' dir='ltr'><strong>corrective</strong></span> <span class='ocrx_word' id='word_1_216' title='bbox 897 3559 985 3647; x_wconf 91' lang='lat' dir='ltr'><strong>juris</strong></span> <span class='ocrx_word' id='word_1_217' title='bbox 1009 3559 1155 3647; x_wconf 89' lang='lat' dir='ltr'><strong>antiqui,</strong></span> <span class='ocrx_word' id='word_1_218' title='bbox 1178 3558 1213 3622; x_wconf 88' lang='lat' dir='ltr'><strong>vi</strong></span> <span class='ocrx_word' id='word_1_219' title='bbox 1237 3556 1334 3644; x_wconf 91' lang='lat' dir='ltr'><strong>cujus</strong></span> <span class='ocrx_word' id='word_1_220' title='bbox 1357 3555 1489 3621; x_wconf 88' lang='lat' dir='ltr'><strong>benefi-</strong></span> 
     </span>
    </p>
   </div>
   <div class='ocr_carea' id='block_1_5' title="bbox 361 3798 1491 4340">
    <p class='ocr_par' dir='ltr' id='par_1_6' title="bbox 361 3798 1491 4340">
     <span class='ocr_line' id='line_1_29' title="bbox 393 3798 1487 3868; baseline -0.006 -14"><span class='ocrx_word' id='word_1_221' title='bbox 393 3805 401 3838; x_wconf 89' lang='lat'>¹</span> <span class='ocrx_word' id='word_1_222' title='bbox 421 3805 498 3854; x_wconf 85' lang='lat' dir='ltr'><strong>lianc</strong></span> <span class='ocrx_word' id='word_1_223' title='bbox 517 3805 673 3868; x_wconf 85' lang='lat' dir='ltr'><strong>opinionem</strong></span> <span class='ocrx_word' id='word_1_224' title='bbox 694 3819 749 3854; x_wconf 87' lang='lat' dir='ltr'><strong>non</strong></span> <span class='ocrx_word' id='word_1_225' title='bbox 768 3802 855 3854; x_wconf 86' lang='lat' dir='ltr'><strong>videri</strong></span> <span class='ocrx_word' id='word_1_226' title='bbox 875 3801 1084 3866; x_wconf 84' lang='lat' dir='ltr'><strong>improbabilem</strong></span> <span class='ocrx_word' id='word_1_227' title='bbox 1104 3801 1222 3852; x_wconf 83' lang='lat' dir='ltr'><strong>affirmat</strong></span> <span class='ocrx_word' id='word_1_228' title='bbox 1241 3799 1399 3849; x_wconf 85' lang='lat' dir='ltr'><strong>Honorante</strong></span> <span class='ocrx_word' id='word_1_229' title='bbox 1418 3798 1487 3860; x_wconf 76' lang='lat' dir='ltr'><strong>(too.</strong></span> 
     </span>
     <span class='ocr_line' id='line_1_30' title="bbox 362 3875 1488 3948; baseline -0.008 -15"><span class='ocrx_word' id='word_1_230' title='bbox 362 3884 417 3942; x_wconf 76' lang='lat' dir='ltr'><strong>eit,</strong></span> <span class='ocrx_word' id='word_1_231' title='bbox 438 3899 461 3932; x_wconf 92' lang='lat' dir='ltr'><strong>c.</strong></span> <span class='ocrx_word' id='word_1_232' title='bbox 478 3899 537 3943; x_wconf 88' lang='lat' dir='ltr'><strong>vm,</strong></span> <span class='ocrx_word' id='word_1_233' title='bbox 556 3887 613 3933; x_wconf 87' lang='lat' dir='ltr'><strong>not.</strong></span> <span class='ocrx_word' id='word_1_234' title='bbox 632 3889 660 3942; x_wconf 78' lang='lat'><strong>³,</strong></span> <span class='ocrx_word' id='word_1_235' title='bbox 681 3899 707 3947; x_wconf 91' lang='lat' dir='ltr'><strong>p.</strong></span> <span class='ocrx_word' id='word_1_236' title='bbox 724 3883 777 3948; x_wconf 78' lang='grc'><strong>89),</strong></span> <span class='ocrx_word' id='word_1_237' title='bbox 798 3883 863 3930; x_wconf 88' lang='lat' dir='ltr'><strong>licet</strong></span> <span class='ocrx_word' id='word_1_238' title='bbox 883 3881 1019 3930; x_wconf 86' lang='lat' dir='ltr'><strong>contraria</strong></span> <span class='ocrx_word' id='word_1_239' title='bbox 1040 3879 1167 3929; x_wconf 82' lang='lat' dir='ltr'><strong>videatur</strong></span> <span class='ocrx_word' id='word_1_240' title='bbox 1187 3879 1318 3928; x_wconf 86' lang='lat' dir='ltr'><strong>resolutio</strong></span> <span class='ocrx_word' id='word_1_241' title='bbox 1340 3877 1367 3926; x_wconf 88' lang='lat' dir='ltr'><strong>S.</strong></span> <span class='ocrx_word' id='word_1_242' title='bbox 1387 3875 1488 3940; x_wconf 75' lang='lat' dir='ltr'><strong>Congr.</strong></span> 
     </span>
     <span class='ocr_line' id='line_1_31' title="bbox 362 3957 1489 4026; baseline -0.009 -14"><span class='ocrx_word' id='word_1_243' title='bbox 362 3963 475 4012; x_wconf 90' lang='lat' dir='ltr'><strong>Concilii</strong></span> <span class='ocrx_word' id='word_1_244' title='bbox 495 3963 522 4010; x_wconf 92' lang='lat' dir='ltr'><strong>in</strong></span> <span class='ocrx_word' id='word_1_245' title='bbox 538 3962 695 4026; x_wconf 81' lang='lat' dir='ltr'><strong>spoletana,</strong></span> <span class='ocrx_word' id='word_1_246' title='bbox 716 3967 746 4010; x_wconf 78' lang='lat'><strong>20</strong></span> <span class='ocrx_word' id='word_1_247' title='bbox 766 3976 829 4010; x_wconf 90' lang='lat' dir='ltr'><strong>nov.</strong></span> <span class='ocrx_word' id='word_1_248' title='bbox 847 3965 907 4008; x_wconf 76' lang='lat'><strong>1756</strong></span> <span class='ocrx_word' id='word_1_249' title='bbox 923 3959 1097 4022; x_wconf 75' lang='lat' dir='ltr'><strong>(Thesaurus</strong></span> <span class='ocrx_word' id='word_1_250' title='bbox 1115 3957 1141 4006; x_wconf 91' lang='lat' dir='ltr'><strong>S.</strong></span> <span class='ocrx_word' id='word_1_251' title='bbox 1159 3959 1260 4022; x_wconf 74' lang='lat' dir='ltr'><strong>Conqr.</strong></span> <span class='ocrx_word' id='word_1_252' title='bbox 1278 3957 1367 4014; x_wconf 72' lang='lat' dir='ltr'><strong>Cone„</strong></span> <span class='ocrx_word' id='word_1_253' title='bbox 1389 3957 1408 4004; x_wconf 92' lang='lat' dir='ltr'><strong>t.</strong></span> <span class='ocrx_word' id='word_1_254' title='bbox 1423 3969 1489 4014; x_wconf 84' lang='lat' dir='ltr'><strong>xxv,</strong></span> 
     </span>
     <span class='ocr_line' id='line_1_32' title="bbox 361 4035 1491 4104; baseline -0.009 -13"><span class='ocrx_word' id='word_1_255' title='bbox 361 4055 390 4104; x_wconf 88' lang='lat' dir='ltr'><strong>p.</strong></span> <span class='ocrx_word' id='word_1_256' title='bbox 405 4041 458 4102; x_wconf 76' lang='lat'><strong>⁸6).</strong></span> <span class='ocrx_word' id='word_1_257' title='bbox 475 4041 556 4100; x_wconf 92' lang='lat' dir='ltr'><strong>Dico,</strong></span> <span class='ocrx_word' id='word_1_258' title='bbox 572 4039 713 4090; x_wconf 83' lang='lat' dir='ltr'><strong>contraria</strong></span> <span class='ocrx_word' id='word_1_259' title='bbox 727 4039 867 4096; x_wconf 72' lang='lat' dir='ltr'><strong>videatur,</strong></span> <span class='ocrx_word' id='word_1_260' title='bbox 887 4053 948 4086; x_wconf 88' lang='lat' dir='ltr'><strong>nam</strong></span> <span class='ocrx_word' id='word_1_261' title='bbox 970 4038 1027 4085; x_wconf 83' lang='lat' dir='ltr'><strong>hoec</strong></span> <span class='ocrx_word' id='word_1_262' title='bbox 1045 4036 1177 4086; x_wconf 80' lang='lat' dir='ltr'><strong>resolutio</strong></span> <span class='ocrx_word' id='word_1_263' title='bbox 1197 4051 1251 4085; x_wconf 91' lang='lat' dir='ltr'><strong>non</strong></span> <span class='ocrx_word' id='word_1_264' title='bbox 1270 4038 1313 4084; x_wconf 86' lang='lat' dir='ltr'><strong>est</strong></span> <span class='ocrx_word' id='word_1_265' title='bbox 1330 4035 1404 4083; x_wconf 84' lang='lat' dir='ltr'><strong>certo</strong></span> <span class='ocrx_word' id='word_1_266' title='bbox 1423 4048 1491 4082; x_wconf 89' lang='lat' dir='ltr'><strong>con-</strong></span> 
     </span>
     <span class='ocr_line' id='line_1_33' title="bbox 363 4112 1491 4183; baseline -0.007 -14"><span class='ocrx_word' id='word_1_267' title='bbox 363 4120 445 4169; x_wconf 80' lang='lat' dir='ltr'><strong>traria</strong></span> <span class='ocrx_word' id='word_1_268' title='bbox 469 4123 570 4170; x_wconf 73' lang='lat' dir='ltr'><strong>nostrae</strong></span> <span class='ocrx_word' id='word_1_269' title='bbox 587 4119 723 4183; x_wconf 83' lang='lat' dir='ltr'><strong>opinioni3</strong></span> <span class='ocrx_word' id='word_1_270' title='bbox 742 4133 806 4166; x_wconf 86' lang='lat' dir='ltr'><strong>cum</strong></span> <span class='ocrx_word' id='word_1_271' title='bbox 825 4117 897 4166; x_wconf 89' lang='lat' dir='ltr'><strong>enim</strong></span> <span class='ocrx_word' id='word_1_272' title='bbox 922 4117 980 4164; x_wconf 80' lang='lat' dir='ltr'><strong>inec</strong></span> <span class='ocrx_word' id='word_1_273' title='bbox 1007 4130 1088 4164; x_wconf 82' lang='lat' dir='ltr'><strong>causa</strong></span> <span class='ocrx_word' id='word_1_274' title='bbox 1114 4114 1275 4163; x_wconf 82' lang='lat' dir='ltr'><strong>brevissime</strong></span> <span class='ocrx_word' id='word_1_275' title='bbox 1295 4114 1381 4162; x_wconf 86' lang='lat' dir='ltr'><strong>relata</strong></span> <span class='ocrx_word' id='word_1_276' title='bbox 1402 4113 1439 4161; x_wconf 85' lang='lat' dir='ltr'><strong>sit</strong></span> <span class='ocrx_word' id='word_1_277' title='bbox 1460 4112 1491 4161; x_wconf 87' lang='lat' dir='ltr'><strong>in</strong></span> 
     </span>
     <span class='ocr_line' id='line_1_34' title="bbox 366 4189 1490 4257; baseline -0.008 -10"><span class='ocrx_word' id='word_1_278' title='bbox 366 4197 513 4257; x_wconf 73' lang='lat' dir='ltr'><strong>Thesauro,</strong></span> <span class='ocrx_word' id='word_1_279' title='bbox 529 4199 666 4247; x_wconf 83' lang='lat' dir='ltr'><strong>nescimus</strong></span> <span class='ocrx_word' id='word_1_280' title='bbox 680 4199 772 4244; x_wconf 92' lang='lat' dir='ltr'><strong>utrum</strong></span> <span class='ocrx_word' id='word_1_281' title='bbox 788 4195 919 4244; x_wconf 85' lang='lat' dir='ltr'><strong>beneficia</strong></span> <span class='ocrx_word' id='word_1_282' title='bbox 933 4207 1060 4257; x_wconf 83' lang='lat' dir='ltr'><strong>possessa</strong></span> <span class='ocrx_word' id='word_1_283' title='bbox 1074 4193 1101 4242; x_wconf 91' lang='lat' dir='ltr'><strong>in</strong></span> <span class='ocrx_word' id='word_1_284' title='bbox 1116 4192 1204 4242; x_wconf 84' lang='lat' dir='ltr'><strong>aliena</strong></span> <span class='ocrx_word' id='word_1_285' title='bbox 1218 4191 1329 4241; x_wconf 82' lang='lat' dir='ltr'><strong>dioeceai</strong></span> <span class='ocrx_word' id='word_1_286' title='bbox 1343 4189 1446 4240; x_wconf 78' lang='lat' dir='ltr'><strong>fuerint</strong></span> <span class='ocrx_word' id='word_1_287' title='bbox 1460 4189 1490 4238; x_wconf 89' lang='lat' dir='ltr'><strong>in</strong></span> 
     </span>
     <span class='ocr_line' id='line_1_35' title="bbox 363 4273 710 4340; baseline -0.006 -16"><span class='ocrx_word' id='word_1_288' title='bbox 363 4291 427 4325; x_wconf 86' lang='lat' dir='ltr'><strong>casu</strong></span> <span class='ocrx_word' id='word_1_289' title='bbox 441 4275 524 4324; x_wconf 75' lang='lat' dir='ltr'><strong>simut</strong></span> <span class='ocrx_word' id='word_1_290' title='bbox 538 4273 710 4340; x_wconf 75' lang='lat' dir='ltr'><strong>sufficientia.</strong></span> 
     </span>
    </p>
   </div>
   <div class='ocr_carea' id='block_1_6' title="bbox 0 0 1667 5060">
    <p class='ocr_par' dir='ltr' id='par_1_7' title="bbox 0 0 1667 5060">
     <span class='ocr_line' id='line_1_36' title="bbox 0 0 1667 5060; baseline 0 0"><span class='ocrx_word' id='word_1_291' title='bbox 0 0 1667 5060; x_wconf 95' lang='lat' dir='ltr'><strong> </strong></span> 
     </span>
    </p>
   </div>
  </div>
 </body>
</html>
