3300 5056
347 474 398 526 ¹72
612 479 656 530 DE
675 479 813 532 LEGIBUS
832 481 947 534 SACRAE
966 482 1202 534 oanlaarrorus

345 643 400 685 res
426 628 485 687 aut
510 622 622 711 quoad
646 629 799 712 tempus,
820 624 869 690 ita
891 632 930 692 ut
952 625 1130 690 vinculum
1150 623 1370 712 subjectionis
1390 647 1471 690 cum

346 733 483 799 dioecesi
502 759 521 802 a
540 760 609 824 qua
624 738 668 802 sit
682 737 781 826 plene
797 738 958 804 solutum.
976 737 1086 804 -Ita
1104 738 1139 802 in
1158 737 1297 826 praefato
1316 739 1468 822 decreta,

346 870 381 916 3.
410 848 424 912 1
453 857 487 915 et
510 852 542 918 3.
563 890 608 902 -
630 853 827 918 Notandum
850 860 903 919 est
926 854 1029 918 istam
1053 852 1366 940 excorporationem
1390 851 1471 916 nul«

345 961 417 1028 lum
441 964 599 1030 effectum
623 967 753 1049 sortiri,
777 995 793 1029 «
815 968 881 1032 nisi
905 966 1173 1034 incardinatione
1192 967 1227 1032 in
1246 965 1313 1032 alia
1331 965 1471 1032 dioecesi

346 1079 538 1144 executioni
557 1080 776 1163 demandata,
800 1110 816 1144 »
838 1089 877 1148 ut
895 1081 1021 1170 legitur
1040 1081 1075 1146 in
1095 1081 1243 1164 decreto,
1263 1103 1299 1148 n.
1324 1079 1354 1146 1.

390 1192 427 1256 2⁰
464 1193 516 1258 Ex
552 1202 648 1282 parte
686 1197 981 1280 incardinationis,
1022 1203 1167 1285 quatuor
1202 1193 1422 1283 requiruntur
1459 1212 1468 1262 2

349 1305 379 1374 1.
401 1307 493 1372 Ante
517 1309 835 1392 incardinationem,
862 1318 900 1376 ut
924 1311 1082 1399 episcopo
1107 1308 1358 1375 incardinatum
1382 1335 1400 1369 «
1426 1330 1470 1374 ex

347 1420 499 1506 legitimo
530 1422 734 1490 documento
764 1425 956 1491 constiterit
987 1424 1137 1490 alienum
1167 1423 1328 1489 clericum
1359 1445 1378 1488 a
1407 1444 1469 1487 aua

346 1535 475 1602 dioecesi
497 1539 604 1624 fuisse
633 1540 668 1604 in
691 1547 897 1625 perpetuum
926 1540 1121 1624 dimissum,
1152 1546 1186 1605 et
1213 1537 1354 1604 obtenta
1376 1537 1469 1602 insu-

346 1673 406 1738 per
433 1650 559 1718 fuerint
588 1651 630 1718 ab
659 1647 817 1742 e'piscopo
844 1653 1053 1736 dimittente,
1082 1653 1146 1718 sub
1172 1659 1302 1718 secreto
1329 1652 1359 1716 si
1384 1673 1470 1740 opus

347 1765 407 1847 sit,
429 1765 470 1830 de
490 1766 562 1854 ejus
582 1769 769 1852 natalibus,
787 1769 871 1851 vita,
894 1768 1469 1852 133νὶ11333331311113,ορρ331333

348 1879 537 1944 testimonia
554 1902 590 1962 »ς
609 1881 699 1947 -2,
717 1881 764 1948 Ut
778 1881 920 1947 clericus
939 1880 1203 1947 incardinandus
1217 1881 1390 1970 praestet
1367 1901 1470 1966 Jura-

349 2001 500 2058 mentum
527 2021 544 2055 3
569 1933 613 2060 aid
638 1996 748 2061 instar
773 1995 866 2060 illius
894 1994 987 2085 quod
1012 1995 1138 2061 constit
1139 1995 1211 2060 utic
1237 1993 1471 2080 Speculatores

347 2129 407 2194 pro
428 2106 597 2173 domicilio
617 2110 822 2198 acquirendo
840 2108 1081 2198 prescribit,
1046 2129 1080 2171 »·
1098 2148 1143 2158 -
1162 2109 1194 2176 3
1216 2109 1263 2175 Ut
1281 2087 1470 2172 incardina-

347 2219 395 2284 tio
420 2221 513 2286 fiat
502 2245 537 2286 m
560 2223 779 2309 scriptis,··-
735 2225 835 2288 --.1
861 2225 909 2290 Ut
931 2224 991 2288 fiat
1015 2250 1031 2284 3
1059 2223 1211 2288 absolate
1237 2223 1308 2286 et
1298 2245 1333 2286 m
1351 2243 1471 2306 perpe-

349 2341 463 2418 tuum,
484 2334 519 2399 id
543 2344 595 2402 est
618 2337 722 2402 nullis
741 2338 813 2402 sive
832 2339 1003 2426 expressis
1029 2337 1101 2402 sive
1125 2335 1237 2402 tacitis
1260 2334 1471 2400 limitationi-

348 2447 412 2512 bus
435 2475 464 2514 ».
486 2449 599 2515 -lta
619 2451 654 2515 13
673 2452 821 2536 decreta,
844 2475 878 2518 3.
900 2451 920 2516 2
941 2458 976 2516 et
995 2451 1027 2518 3.

393 2564 428 2630 3⁰
447 2562 499 2629 Ex
522 2572 618 2653 parte
640 2567 802 2632 subditi:
825 2565 855 2630 1.
877 2565 914 2631 Si
934 2564 1091 2631 subditus
1116 2563 1161 2630 sit
1183 2565 1337 2651 ejusdem
1361 2563 1470 2628 natio-

349 2679 400 2743 nis
423 2686 455 2742 et
481 2679 603 2765 linqua
623 2703 661 2744 ac
681 2679 860 2768 episcopus
884 2679 1173 2760 incardinaturus,
1197 2677 1372 2744 sufficiunt
1394 2697 1470 2765 quae

347 2791 438 2858 dicta
461 2799 558 2872 sunt;
581 2831 625 2842 -
645 2794 676 2858 2.
699 2794 736 2860 Si
757 2801 878 2881 agatur
897 2793 938 2860 de
966 2793 1098 2858 clericis
1124 2793 1261 2857 diversae
1289 2791 1412 2877 113933
1437 2797 1470 2853 et

348 2906 509 2990 nationis,
533 2933 549 2968 a
572 2915 706 2995 oportet
728 2915 767 2972 ut
791 2908 940 2995 episcopi
964 2907 999 2972 in
1023 2907 1065 2972 iis
1090 2905 1310 2972 admittendis
1339 2903 1470 2969 cautius

348 3026 383 3084 et
415 3021 565 3086 severius
595 3022 796 3110 procedant,
830 3045 868 3087 ac
901 3044 1076 3110 nunquam
1106 3045 1164 3087 eos
1192 3019 1373 3108 recipiant,
1405 3017 1470 3082 nisi

347 3134 587 3222 requisiverint
605 3137 698 3224 prius
723 3160 742 3201 a
760 3137 949 3224 respective
969 3158 1086 3201 eorum
1106 3133 1301 3216 Ordinario,
1324 3139 1358 3198 et
1382 3131 1470 3198 obti-

348 3249 495 3332 nuerint,
517 3259 679 3316 secretam
697 3273 735 3316 ac
753 3251 979 3336 favorabilem
998 3251 1038 3314 de
1059 3251 1211 3335 ipsorum
1229 3249 1296 3313 vita
1316 3255 1349 3312 et
1369 3248 1470 3312 mori-

347 3364 412 3428 bus
436 3365 730 3449 informationem,
753 3371 891 3430 onerata
911 3386 1012 3452 super
1035 3365 1099 3429 hoc
1123 3363 1271 3450 graviter
1294 3361 1469 3449 episcopo-

242 3566 244 3572 y
348 3501 422 3543 rum
442 3477 660 3544 conscientia.
687 3506 702 3540 »
723 3517 767 3528 --
786 3478 837 3544 lta
856 3479 891 3542 in
911 3479 1059 3562 decret0,
1081 3501 1115 3544 3.
1139 3479 1171 3544 5.

394 3705 533 3774 69.-
557 3703 728 3774 Effectus
758 3706 1104 3793 incorporationis.
1130 3743 1173 3752 -
1206 3704 1280 3769 Duo
1310 3702 1470 3790 praecipui

348 3827 429 3886 sunt
448 3819 546 3884 effect
532 3827 588 3885 tus
607 3819 799 3909 incorporat
801 3820 917 3886 ionis:

395 3937 426 3999 1ο
445 3935 491 4002 Ut
514 3935 672 4017 clericuS,
695 3935 826 4000 solutus
851 3933 892 4000 ab
916 3957 1009 3998 omni
999 3933 1164 3998 vinculo
1189 3954 1266 3998 cum
1290 3929 1469 3997 dioecesia

347 4073 434 4138 qua,
455 4050 592 4115 omnino
611 4049 821 4137 mancipetur
838 4049 976 4114 dioecesi
994 4049 1038 4113 ad
1056 4070 1178 4135 quam,
1198 4045 1365 4112 autad
1384 4045 1471 4110 hanc

348 4186 473 4232 novam
492 4161 664 4229 dioecesim
678 4163 857 4251 pertineat,
875 4163 993 4228 eodem
1008 4184 1145 4252 prorsus
1160 4159 1261 4225 modo
1276 4183 1342 4248 quo
1358 4159 1472 4226 clerici

349 4281 407 4368 qui
431 4286 511 4346 sunt
534 4279 569 4343 in
592 4276 655 4342 hac
678 4277 816 4343 dioecesi
840 4277 912 4343 nati
934 4283 992 4342 aut
1015 4273 1229 4353 domiciliati,
1251 4295 1330 4338 cum
1349 4271 1471 4337 iisdem
