3316 5052
353 449 403 500 328
619 451 661 500 be
681 450 819 502 LEGIBUS
840 451 952 502 SACRAE
971 451 1207 502 ountsartortts

352 615 432 658 casu
451 593 589 679 speciali
605 615 706 680 quem
727 593 994 680 contemplatum
1015 601 1067 659 est
1082 619 1154 682 cap.
1174 594 1421 666 Ordinationes,
1442 593 1474 672 8,

352 731 436 773 sess
460 707 661 788 XXlll,‚D·a
682 727 751 772 ner.
776 707 912 794 (supra,
935 731 969 772 n.
994 708 1105 796 121).
1129 707 1163 773 Si
1183 708 1259 796 quis
1278 731 1417 795 nempe,
1440 709 1476 771 vi

351 821 474 886 indulti
502 829 560 886 aut
589 821 757 909 privilegii
782 822 963 910 pontificii,
992 820 1033 886 ab
1060 823 1218 910 episeopo
1244 845 1311 886 non
1338 823 1475 910 proprio

351 935 497 1001 ordinari
532 936 632 1024 petit,
666 937 884 1024 requiruntur
914 935 1035 1001 litterae
1067 936 1312 1002 testimoniales
1346 937 1474 1022 proprii

351 1049 544 1115 Ordinarii:
566 1077 582 1108 (ι
605 1049 641 1114 Si
662 1071 760 1114 secus
784 1051 859 1130 fiat,
886 1051 1047 1115 ordinem
1070 1074 1089 1114 a
1113 1051 1290 1116 collatione
1313 1051 1474 1114 ordinum

346 1187 574 1248 perannum,
597 1171 631 1228 et
655 1165 832 1228 ordinatus
856 1187 875 1228 u
899 1175 1132 1250 susceptorum
1157 1166 1316 1230 ordinum
1340 1187 1474 1229 essecu-

351 1280 453 1360 tionc,
485 1279 650 1364 quamdiu
675 1279 817 1363 proprio
846 1279 1026 1343 ordinario
1049 1279 1217 1344 uidebitur
1236 1279 1408 1364 repedire,
1429 1280 1474 1342 sit

347 1415 538 1478 suspensus.
566 1422 580 1452 υ

447 1669 518 1740 §3-
541 1635 593 1726 be
616 1669 725 1726 tituto
744 1670 789 1726 ad
810 1669 983 1726 ordtnem
1004 1683 1155 1726 sacrum
1176 1667 1370 1740 requtstto.

726 1895 748 1955 Ι.
774 1897 900 1954 Norrrm
923 1897 1097 1955 rusromca¹

389 2090 471 2152 130.
488 2125 525 2134 -
541 2093 730 2153 Decretum
743 2092 888 2154 concilii
901 2093 1052 2155 Niooeui.

392 2198 419 2251 l⁰
437 2179 543 2255 Canon
560 2197 594 2254 15
604 2196 726 2255 concilii
740 2196 857 2255 Nicreni
874 2196 1022 2276 supponit
1036 2217 1141 2272 usum,
1161 2203 1234 2255 tunc
1248 2195 1395 2276 temporis
1408 2195 1473 2276 jem

350 2298 521 2376 vigentem,
540 2300 568 2357 vi
586 2301 674 2380 cujus
689 2301 854 2380 episcopus
869 2308 923 2360 aut
941 2301 1102 2381 presbyter
1113 2309 1167 2360 aut
1182 2300 1331 2360 diaconus
1347 2321 1409 2359 non
1425 2321 1473 2359 or-

348 2403 515 2463 dinabatur
528 2405 584 2462 nisi
602 2425 657 2484 pro
668 2405 795 2464 ccclesia
809 2413 891 2465 certe
906 2413 935 2465 et
950 2405 1169 2478 determinata,
1185 2405 1234 2464 cui
1250 2404 1471 2464 ascribebatur.

349 2509 400 2568 Sic
415 2509 497 2567 enim
516 2509 574 2568 sert
589 2509 640 2568 illc
657 2527 777 2569 canon:
797 2537 810 2563 ι(
884 2511 929 2569 De
947 2509 1073 2569 civitate
1089 2510 1125 2568 ad
1143 2510 1315 2582 civitatem,
1333 2529 1395 2569 non
1411 2509 1475 2589 epi·

350 2634 474 2693 scopus,
487 2634 549 2672 non
561 2615 733 2694 presbyter,
747 2635 807 2674 non
819 2614 967 2674 diaconus
979 2615 1193 2674 transferatur.
1207 2614 1238 2672 Si
1250 2614 1319 2694 quis
1330 2621 1471 2673 autem...

351 2717 411 2776 tale
422 2717 495 2798 quid
511 2739 601 2794 agere
616 2719 834 2790 tentaverit,...
853 2720 912 2777 hoc
928 2719 1041 2778 tactum
1056 2739 1184 2799 prorsus
1197 2719 1229 2777 in
1245 2717 1367 2778 irritum
1380 2717 1475 2777 duca-

352 2829 412 2891 tur,
430 2829 461 2880 et
476 2823 658 2882 restituatur
672 2822 825 2893 ecclesie,
843 2821 896 2882 rui
909 2822 973 2903 [uit
990 2821 1153 2904 episeopus
1169 2829 1223 2882 aut
1233 2821 1405 2903 presbyter
1420 2831 1474 2882 aut

353 2924 503 2985 rb'aronus
521 2925 718 2987 ordinatm'.
739 2953 752 2980 n

394 3035 424 3089 *2⁰
447 3031 505 3090 Hic
522 3039 625 3090 autem
642 3053 716 3090 usus
734 3053 795 3091 non
815 3031 978 3092 ordinandi
992 3032 1172 3112 episcopum
1189 3039 1244 3091 aut
1259 3032 1473 3112 presbyterum

356 3135 410 3193 nisi
432 3156 487 3214 pro
507 3143 590 3195 certa
610 3135 737 3196 ecclesia
757 3136 834 3196 adeo
854 3137 1001 3216 frequens
1020 3144 1051 3195 ct
1068 3135 1154 3216 quasi
1175 3157 1261 3196 sacer
1282 3143 1363 3208 eret,
1387 3143 1437 3206 ut,
1458 3157 1474 3195 a

355 3247 495 3319 tempore
515 3241 637 3300 concilii
655 3241 772 3300 Niceeni
789 3262 887 3321 usque
903 3241 940 3300 ad
956 3260 1043 3299 conc.
1063 3240 1329 3314 Chalcedonense,
1347 3261 1407 3299 non
1421 3261 1475 3298 no-

355 3351 461 3402 tentur
476 3345 533 3403 nisi
550 3346 742 3424 paucissimae
758 3345 967 3426 exceptiones,
982 3365 1051 3425 quae
1066 3345 1170 3424 potius
1185 3345 1308 3404 firmant
1326 3343 1473 3422 regulam.

355 3447 405 3507 Sic
418 3465 424 3505 :

395 3573 424 3612 e.
446 3555 537 3613 Anno
557 3556 629 3628 379,
652 3557 683 3614 S.
707 3555 916 3634 Hieronymus
936 3553 1108 3614 Antiochiae
1129 3554 1291 3614 ordinatus
1313 3553 1373 3613 suit
1393 3573 1476 3633 pres·

356 3657 474 3738 bytera
492 3657 621 3718 Paulino
637 3661 798 3740 episcope,
811 3679 845 3718 ea
862 3658 1055 3733 condicione,
1069 3667 1179 3718 utnon
1193 3659 1373 3738 alligaretur
1385 3657 1477 3717 alicui

356 3762 509 3830 ecclesiae,
531 3763 583 3822 scd
608 3771 781 3823 remaneret
807 3763 994 3836 monachus,
1018 3771 1049 3823 et
1075 3784 1128 3822 sua
1154 3770 1259 3844 posset
1285 3763 1345 3822 frui
1370 3762 1479 3822 solitu-

387 3957 395 3990 ¹
414 3957 453 4006 Ct.
471 3957 597 4019 Phillips,
615 3957 830 4016 Kircbenrecbt,
847 3962 859 4017 ἓ
874 3962 912 4012 51,
929 3959 971 4006 ed.
988 3963 1011 4014 3,
1026 3957 1211 4020 Regcnsburg,
1228 3961 1296 4014 1855,
1313 3961 1332 4006 t.
1349 3973 1365 4014 r,
1381 3971 1407 4019 p.
1422 3961 1480 4004 605-

356 4040 414 4094 ⁶²³3
431 4036 474 4084 vel
489 4037 559 4084 trad.
576 4036 702 4094 Crouzet,
720 4037 809 4092 Paris,
824 4041 897 4094 1850,
914 4041 933 4085 t.
950 4052 971 4094 r,
989 4051 1014 4098 p.
1032 4040 1076 4084 138
1091 4051 1131 4098 sq.

386 4117 396 4148 ²
414 4113 454 4162 lte
469 4129 502 4162 ex
517 4115 641 4162 versione
657 4116 781 4177 Dionysii
797 4115 901 4176 Exigui,
917 4115 1020 4176 Migne,
1035 4115 1065 4162 Ρ.
1076 4113 1115 4170 t,
1130 4113 1376 4171 t.txv11,cot.1⁵o;
1393 4127 1482 4162 canon

355 4197 472 4244 insertus
484 4196 526 4241 cst
540 4193 658 4241 Decreto
671 4193 807 4250 Gratiani,
819 4208 879 4241 can.
895 4193 956 4242 Nou
971 4194 1086 4255 oportet,
1101 4197 1139 4247 19,
1156 4191 1235 4239 Ceus.
1248 4189 1312 4248 vlt,
1328 4205 1354 4254 q.
1367 4207 1387 4250 r,
1400 4194 1481 4256 juxta

355 4273 504 4320 versionem
521 4271 678 4333 Hispanam.
694 4271 760 4319 Vide
776 4275 879 4319 textum
895 4285 1012 4333 graecum
1028 4271 1099 4332 opud
1114 4269 1215 4328 Bruns‚
1232 4273 1251 4318 t.
1268 4285 1289 4325 1,
1306 4283 1332 4332 p.
1347 4273 1385 4318 18.
