3316 5052
447 470 491 518 DE
511 469 772 530 PRAEREQUlSlTIS
792 469 836 519 An
856 469 1108 520 ORDINATIONEM
1289 465 1340 518 329

217 611 304 682 dine,
325 611 368 671 sic
385 611 467 670 euim
487 611 566 670 dixit
587 610 740 672 Paulino:
765 637 779 668 a
802 611 883 670 Num
907 612 1014 690 rogavi
1037 619 1082 684 te,
1101 619 1135 671 ut
1160 611 1341 671 ordinarer?

218 717 249 776 Si
269 717 314 776 sic
333 715 548 796 presbyterum
564 715 691 788 tribuis,
711 723 745 775 ut
764 715 951 778 monachum
969 715 1059 777 nobis
1073 737 1137 776 non
1152 717 1289 788 auseraS,
1309 725 1340 776 tu

217 821 331 880 videris
348 820 387 879 de
400 819 522 900 judicio
541 827 607 881 tuo.
629 820 684 878 Sin
701 827 822 892 autem,
843 819 901 880 sub
919 821 1044 880 nomine
1064 821 1236 902 presbyteri
1257 821 1341 881 tollis

218 925 293 984 mihi
313 925 543 1006 propterquod
564 924 711 984 saeculum
730 924 898 1005 dereliqui,
919 945 976 1003 ego
997 925 1095 985 habeo
1115 925 1199 1006 quod
1220 947 1343 1008 semper

218 1030 312 1090 habui
324 1029 345 1089 ¹.
363 1055 377 1084 u

258 1133 290 1194 h.
310 1136 400 1194 Anno
418 1135 476 1194 392
496 1135 545 1194 vel
568 1135 642 1208 393,
664 1135 737 1194 item
759 1135 790 1194 S.
813 1135 960 1194 Paulinus
980 1134 1163 1194 Barcinonis
1181 1134 1342 1195 ordinatus

219 1239 278 1298 tuit
293 1238 467 1319 presbyter,
482 1259 516 1298 ea
537 1239 721 1299 condicione
737 1247 771 1298 ut
786 1239 865 1298 liber
879 1248 1061 1298 remaneret.
1080 1239 1169 1306 Quod
1187 1239 1251 1319 ipse
1266 1239 1342 1299 dicit

219 1342 256 1401 ad
278 1343 451 1402 Severum:
476 1367 490 1398 «
512 1343 555 1402 Ea
576 1343 759 1403 condicione
784 1343 815 1400 in
841 1342 1063 1402 Barcinonensi
1083 1342 1211 1402 eeclesia
1233 1361 1341 1401 eonse-

217 1447 296 1506 crari
314 1447 468 1508 adductus
488 1468 572 1518 sum,
595 1453 629 1507 ut
648 1446 711 1528 ipsi
725 1446 864 1508 ecclesiae
880 1468 942 1507 non
957 1446 1131 1528 altiparer;
1147 1447 1179 1505 in
1199 1445 1343 1506 sacerdo-

219 1551 296 1610 tium
311 1558 432 1611 tantum
447 1552 589 1624 Domini,
604 1571 666 1610 non
682 1550 778 1612 etiam
793 1550 827 1611 in
843 1551 946 1610 iocum
961 1550 1101 1611 eeclesiae
1116 1549 1310 1611 dedicans&
1326 1575 1340 1604 n

258 1676 284 1715 c.
307 1655 358 1716 sie
377 1655 470 1716 etiam
490 1654 648 1732 absolute,
665 1677 719 1715 seu
738 1657 803 1716 sine
818 1656 944 1716 vinculo
959 1655 997 1716 ad
1013 1657 1148 1735 aliquam
1163 1654 1341 1727 ecelesiam,

217 1761 380 1842 presbyter
395 1760 555 1820 ordinatus
570 1769 631 1834 est,
649 1782 666 1820 a
682 1761 829 1822 Flaviano
844 1762 992 1842 episcopo
1006 1761 1219 1832 Antiocheno,
1235 1779 1342 1819 mona-

217 1865 295 1924 chus
315 1865 365 1924 ille
383 1865 619 1936 celeberrimum
641 1866 763 1926 nomine
784 1865 1003 1939 Macedoniae,
1025 1873 1060 1924 ut
1080 1873 1184 1924 narrat
1201 1864 1343 1925 Theodo-

217 1977 302 2030 retus
313 1969 335 2029 ³.

259 2073 290 2134 d.
313 2075 390 2135 Item
411 2083 517 2134 narrat
537 2075 725 2134 Sozomenus
740 2075 819 2136 duos
835 2083 888 2135 aut
905 2083 968 2135 tres
985 2077 1170 2149 monachos,
1187 2077 1218 2135 in
1234 2097 1342 2136 mona-

220 2180 322 2238 steriis
344 2178 485 2252 Edessae,
506 2179 667 2239 ordinatos
689 2180 783 2240 tuisse
808 2180 971 2261 episcopos
996 2178 1168 2240 absolute:
1192 2207 1206 2236 a
1234 2181 1343 2241 Barses

219 2285 293 2342 item
309 2292 340 2343 et
355 2283 522 2362 Eulogius;
537 2285 590 2364 qui
610 2283 734 2364 quidem
755 2284 847 2343 ambo
866 2284 1066 2364 postmodum
1081 2283 1222 2366 episcopi
1241 2285 1341 2359 suere,

221 2409 282 2447 non
302 2387 442 2469 alr'eujus
464 2386 569 2464 urhis,
590 2387 646 2448 sed
667 2387 795 2448 honoris
815 2387 971 2450 duntaxat
990 2410 1100 2465 causa,
1122 2395 1276 2471 tanquam
1302 2389 1344 2450 ad

219 2491 417 2573 repensanda
432 2492 572 2572 ipsorum
587 2491 748 2572 facinora,
762 2492 796 2552 iu
811 2493 876 2554 suis
892 2493 1093 2554 monasteriis
1107 2493 1258 2554 ordinati.
1275 2495 1343 2562 Quo

219 2597 345 2678 quidem
359 2598 452 2656 modo
468 2599 561 2656 etiam
578 2597 707 2658 Lazarus
723 2597 887 2677 episeopus
903 2597 994 2658 suist
1015 2622 1029 2653 »

260 2801 345 2864 131.
359 2835 399 2844 -
413 2803 603 2863 Decretum
618 2801 762 2863 oonoilii
775 2802 1084 2865 chalcedonensis.

264 2911 292 2963 l⁰
307 2903 482 2964 Concilium
501 2904 767 2979 Chalcedonense,
783 2925 851 2965 can.
870 2907 900 2980 6,
918 2907 1045 2966 omnino
1061 2907 1205 2987 prohibet
1221 2907 1344 2968 ordina-

221 3009 321 3068 tiones
343 3007 505 3069 ahsoiutas
529 3028 538 3068 :
566 3035 579 3064 α
607 3009 734 3068 Nullum
759 3007 903 3069 absolute
929 3010 1164 3092 (ἁπολελυμένως,
1189 3010 1344 3088 innitens)

220 3114 356 3172 ordinari
379 3112 491 3173 debere
514 3113 730 3194 presbyterum
755 3122 809 3173 aut
830 3114 1012 3188 diaconum,
1039 3137 1095 3175 nee
1119 3116 1289 3196 quemlibet
1313 3117 1344 3176 in

220 3217 318 3294 gradu
331 3217 556 3292 ecclesiastico,
570 3217 633 3277 nisi
644 3217 824 3298 specialiter
835 3220 959 3300 (ἰδικῶς)
971 3219 1110 3280 ecclesiae
1125 3219 1276 3296 ciuitatis,
1290 3229 1345 3281 aut
1380 3283 1384 3292 ,

216 3321 425 3402 possessionis
439 3325 562 3402 (κώμης,
580 3343 690 3402 nempe
706 3323 810 3403 pagi),
827 3331 881 3383 aut
897 3323 1062 3404 martyrii,
1079 3331 1134 3384 aut
1148 3324 1343 3402 monasterii,

221 3427 274 3506 qui
294 3426 485 3486 ordinandus
502 3436 549 3486 est
564 3427 794 3506 pronuntietur.
815 3428 873 3496 Qui
895 3449 969 3488 vero
986 3427 1129 3489 absolute
1148 3430 1344 3502 ordinantur,

221 3531 360 3590 decrevit
371 3539 476 3590 sancta
490 3531 628 3611 synodus
642 3532 761 3592 irritam
775 3532 905 3614 (ἄκυρον)
918 3533 1025 3592 haberi
1041 3534 1219 3615 hujusmodi
1236 3555 1346 3594 manus

223 3636 471 3716 impositionem,
487 3643 519 3695 et
535 3657 692 3716 nunquam
709 3657 800 3716 posse
816 3637 1005 3711 ministrare,
1022 3639 1060 3698 ad
1076 3638 1249 3698 ordinantis
1263 3639 1345 3720 inju-

222 3740 299 3799 riam
310 3740 332 3798 ⁵.
351 3765 365 3794 o
385 3740 474 3799 Unde
483 3740 574 3820 jubet
588 3740 770 3814 concilium,
786 3742 955 3821 etquidem
971 3742 1029 3802 sub
1044 3763 1135 3822 poena
1151 3744 1344 3822 gravissima,

255 3893 262 3925 ¹
282 3891 311 3942 in
326 3893 397 3941 libro
413 3895 515 3942 Contra
527 3894 661 3942 Ioannem
675 3893 967 3958 Hierosolymitanum,
983 3911 1009 3945 n.
1027 3899 1054 3944 tt
1069 3895 1125 3956 bis3
1143 3897 1245 3959 Migne,
1263 3897 1292 3944 P.
1306 3897 1345 3954 L„

222 3973 243 4019 t.
260 3987 336 4029 xxm,
352 3973 403 4021 eol.
420 3977 474 4019 393.
490 3999 520 4008 -
535 3971 575 4020 Ct.
592 3971 652 4021 Vita
665 3973 690 4020 S.
707 3972 879 4036 Hieronymi,
897 3989 920 4022 c.
934 3989 983 4034 xn,
999 3989 1026 4023 n.
1040 3979 1067 4034 3;
1085 3975 1161 4032 isid„
1178 3976 1228 4024 col.
1245 3980 1283 4023 n.

255 4049 265 4082 ²
280 4049 365 4112 Epist.
382 4066 404 4108 r,
420 4050 462 4098 Ad
476 4050 617 4108 Severum,
634 4065 660 4098 n.
677 4057 718 4109 103
736 4051 840 4114 stigne,
856 4052 886 4101 P.
904 4053 941 4110 L,
958 4057 978 4102 t.
994 4069 1047 4112 uxr,
1063 4054 1115 4102 col.
1131 4057 1185 4102 159.

256 4128 266 4162 ³
283 4127 419 4192 fleiipiosa
435 4127 563 4187 historia,
578 4143 601 4177 c.
617 4141 676 4188 xnr,
691 4129 796 4192 Migne,
813 4129 842 4180 P.
861 4131 900 4188 G„
917 4134 937 4180 t.
954 4147 1053 4191 uxxxn,
1068 4131 1120 4181 eol.
1134 4137 1203 4182 1⁴02.

255 4209 266 4240 ⁴
283 4206 455 4262 Sozomenus,
467 4207 499 4255 Η.
510 4207 551 4264 E„
563 4207 610 4254 lib.
621 4207 667 4264 VI,
682 4223 705 4256 c.
714 4221 806 4266 xxx1v;
818 4209 917 4272 Migne,
929 4209 958 4258 P.
970 4210 1009 4268 G,
1022 4212 1345 4268 t.r,xvn‚col.1³94-1395.

256 4287 267 4318 3
285 4284 325 4333 ita
339 4301 371 4334 ex
387 4286 511 4333 versione
527 4285 652 4349 Dionysii
673 4285 778 4348 Exigui,
797 4287 901 4348 Migne,
918 4287 947 4336 P.
964 4289 1003 4346 L.,
1024 4291 1043 4337 t.
1062 4303 1145 4346 uxvn,
1161 4289 1211 4338 coi.
1229 4295 1345 4350 itt-173,
