3316 5052
426 487 470 538 DE
490 485 752 546 PnAEnEQurslns
771 487 815 536 AD
834 485 1088 537 onnlnnrlonnn
1268 483 1319 536 323

193 629 314 696 Galliae
334 631 497 695 dioeeeses
516 629 706 716 pertinent,
728 627 770 692 ab
790 628 1042 716 archiepiscopo
1063 628 1263 710 Parisiensi,
1285 627 1319 692 vi

193 744 462 809 dimissoriamm
486 744 614 832 proprii
637 742 804 831 episcopi,
827 742 966 808 Parisiis
985 741 1196 810 ordinantur.
1219 739 1302 820 Quae

194 859 279 924 ritur
301 881 382 945 ergo
406 881 491 922 num
510 859 613 923 etiam
632 859 666 922 in
687 858 751 922 hoe
771 879 851 921 cusu
875 856 1124 922 testimoniales
1147 856 1320 944 requiran-

194 979 250 1037 tur
266 995 328 1060 pro
348 980 500 1060 tempore
520 973 797 1037 commorationis
817 971 1030 1060 singulorum
1054 971 1320 1036 ordinandorum

194 1087 228 1151 in
249 1086 430 1151 seminario
450 1085 569 1151 alienae
589 1085 757 1151 dioecesis,
771 1124 816 1134 —
836 1085 940 1150 Porro
960 1084 1176 1172 respondeo:
1195 1084 1226 1150 l.
1248 1083 1321 1150 Lit-

195 1207 275 1266 terae
300 1201 548 1266 testimoniales
573 1200 806 1288 requiruntur,
835 1222 913 1264 cum
938 1199 995 1264 lex
1018 1222 1087 1263 non
1111 1198 1318 1284 distinguat,

192 1353 239 1362 —
253 1313 292 1393 2,
303 1315 466 1380 Attamen
488 1338 523 1380 re
542 1315 612 1401 ipsa
628 1321 663 1379 et
675 1315 887 1400 sufficienter
904 1312 1136 1378 conceduntur
1155 1314 1207 1378 hae
1226 1313 1322 1379 testi-

195 1428 375 1509 moniales,
398 1451 437 1493 eo
457 1429 532 1516 ipso
551 1428 642 1518 quod
661 1436 773 1494 rector
791 1428 962 1493 seminarii
982 1426 1106 1492 bonam
1130 1429 1322 1494 attestatio-

194 1565 273 1608 nem
291 1542 334 1608 de
353 1543 492 1608 alumno
511 1544 661 1624 emittat,
684 1542 823 1630 ejusque
843 1541 1091 1606 ordinationem
1113 1541 1265 1630 postulet
1288 1549 1322 1607 et

193 1665 379 1745 proponat,
396 1665 431 1722 et
449 1657 629 1745 episcopus
647 1657 713 1721 loci
734 1656 906 1721 seminarii
922 1655 1037 1744 (cujus
1055 1663 1109 1720 est
1127 1656 1207 1722 dare
1226 1656 1322 1722 testi·

195 1771 397 1860 moniales),
423 1772 571 1859 acceptis
590 1772 740 1860 episcopi
760 1770 886 1858 proprii
906 1769 1028 1835 litteris
1048 1769 1266 1852 dimissoriis,
1288 1777 1323 1836 et

195 1892 325 1951 attenta
355 1885 516 1973 praedicta
541 1886 683 1950 rectoris
714 1885 885 1950 seminarii
912 1885 1146 1966 attestatione,
1179 1885 1322 1972 petitam

194 1998 443 2065 ordinationem
466 2021 527 2087 per
552 2023 589 2064 se
615 1999 671 2064 vel
697 2021 757 2086 per
782 1999 887 2063 alium
912 1997 1064 2063 conferre
1090 2007 1238 2080 annuat3
1268 1999 1322 2064 hic

194 2113 285 2177 enim
308 2135 497 2178 consensus
521 2112 691 2179 Ordinarii
710 2113 776 2177 loci
795 2113 830 2176 in
849 2113 1098 2178 ordinationem
1121 2113 1269 2192 includit
1287 2114 1323 2178 in

195 2250 249 2310 se,
275 2227 440 2316 implicite
463 2227 617 2316 quidem,
645 2227 705 2292 sed
729 2228 939 2310 necessario,
965 2227 1229 2316 testimoniales,
1259 2250 1322 2293 nee
1366 2215 1367 2218 ¹

194 2341 378 2430 requiritur
400 2349 440 2407 ut
464 2341 514 2405 hue
538 2341 663 2407 dentur
687 2341 723 2406 in
750 2341 875 2428 scripto
903 2341 1041 2428 (supra,
1069 2363 1103 2406 n.
1135 2343 1233 2429 124,
1268 2344 1319 2430 l).
1374 2413 1379 2426 ,

195 2457 392 2538 utitatis,
421 2481 441 2522 a
467 2457 570 2545 longo
592 2455 666 2544 jam
692 2463 863 2542 tempore,
892 2455 926 2519 in
953 2455 1115 2544 praedicto
1141 2457 1322 2521 seminario
1387 2481 1389 2485 ’

195 2569 398 2652 Parisiensi,
425 2579 459 2636 et
482 2572 566 2636 mihi
589 2572 720 2636 dietum
740 2577 793 2635 est
811 2571 914 2636 etiam
939 2571 985 2635 ita
1009 2571 1081 2634 fieri
1106 2571 1239 2652 Romae,
1262 2595 1321 2659 pro

193 2685 343 2750 alumnis
363 2685 536 2769 seminarii
556 2685 689 2751 Gallici.

242 2913 337 2984 12⁷.
352 2952 396 2962 -
412 2913 638 2990 Quaeritur:
659 2912 699 2980 6⁰
714 2912 825 2997 Cujus
840 2913 883 2975 sit
894 2913 1070 2997 postulare
1087 2913 1216 2977 litteras
1233 2914 1321 2977 testi·

194 3028 368 3112 moniales,
390 3050 511 3114 easque
530 3027 736 3090 examinare.

240 3141 338 3226 Resp.
357 3163 370 3207 .·
392 3144 422 3205 l.
441 3139 517 3228 lpse
533 3139 739 3204 ordinandus
761 3147 894 3206 tenetur
909 3141 1081 3228 postulare
1096 3140 1138 3205 ab
1154 3141 1321 3229 episeopis

192 3255 325 3321 litteras
348 3253 613 3334 testimoniales,
635 3251 759 3342 quibus
782 3261 871 3341 eget.
893 3255 1056 3319 -Ratio
1080 3263 1133 3320 est
1152 3255 1230 3344 quia
1249 3257 1321 3344 ipse

193 3377 332 3435 tenetur
350 3368 492 3456 probare
513 3391 609 3432 suam
634 3367 855 3432 idoneitatem
875 3368 917 3432 ad
937 3369 1202 3450 ordinationem;
1225 3370 1320 3435 insu-

192 3505 255 3570 per
275 3481 504 3563 lnnocentiuS,
521 3482 556 3546 in
576 3481 670 3546 bulla
689 3480 933 3566 Speculatores,
951 3481 1016 3568 ipsi
1034 3483 1235 3565 ordinando,
1252 3505 1319 3550 non

192 3597 269 3680 alii,
298 3597 445 3685 injungit
468 3604 509 3662 ut
538 3594 602 3660 sibi
630 3602 787 3683 procuret
815 3595 1080 3677 testimoniales;
1112 3597 1189 3662 vide
1218 3621 1320 3688 supra

192 3711 320 3777 relatos
340 3718 454 3775 textus
474 3710 526 3798 (n.
550 3709 663 3797 121).
685 3747 729 3758 -
749 3709 893 3790 Verum,
915 3709 1081 3797 quidquid
1105 3718 1158 3776 est
1180 3711 1222 3777 de
1241 3713 1319 3801 jure

192 3825 324 3906 stricto,
343 3823 455 3889 solent
473 3823 563 3911 apud
583 3847 645 3887 nos
661 3823 815 3910 superior
829 3830 888 3888 aut
902 3824 1133 3890 moderatores
1148 3826 1319 3893 seminarii

192 3939 255 4005 hac
279 3940 315 4004 in
339 3960 375 4003 re
397 3959 536 4024 operam
551 3949 657 4002 'suam
680 3938 894 4002 commodare
919 3936 1131 4020 ordinandis,
1157 3939 1229 4004 sive
1253 3941 1318 4029 ipsi

192 4051 341 4118 scribant
359 4051 556 4140 epistolam,
578 4053 650 4116 sive
674 4051 836 4138 scriptam
859 4049 902 4114 ab
919 4051 1112 4136 ¹ordinando
1136 4054 1316 4140 epistolam

190 4167 442 4234 commendent.

237 4281 269 4346 2.
292 4283 443 4348 Examen
464 4303 524 4345 scu
548 4281 713 4368 inspectio
733 4281 922 4346 litterarum
943 4280 1220 4347 testimonialium
1240 4305 1315 4371 per-
