3248 5052
356 471 407 525 582
693 471 737 520 DE
756 470 886 520 alricus
906 469 1141 520 onoruarloars

357 617 464 702 hujus
482 617 665 696 dioceseos,
687 615 762 678 sede
781 621 928 695 vacante,
952 613 1096 676 vicarius
1119 610 1318 696 capitularis
1337 611 1481 694 deputa-

357 739 431 813 tus,
461 730 526 794 sub
554 727 909 794 eaecommunicationis
933 748 1052 812 poena,
1083 732 1149 790 etc.
1185 764 1228 772 -
1258 723 1308 788 lta
1338 723 1376 789 S.
1411 723 1479 788 Rit.

355 843 498 930 Congu,
521 844 555 908 in
570 841 755 928 Salapiam,
774 841 815 908 19
836 847 923 929 sept.
944 839 1044 920 1883,
1066 837 1108 904 ad
1129 842 1180 903 1¹.

400 961 436 1024 5⁰
459 957 604 1022 Praesata
628 979 728 1044 poena
752 977 820 1020 non
845 962 897 1019 est
921 953 986 1018 nisi
1009 953 1157 1039 serendae
1176 953 1362 1034 sententia,
1386 959 1426 1016 ut
1444 975 1481 1016 ex

354 1073 428 1161 ipsa
447 1071 591 1137 formula
606 1077 713 1159 patet.

400 1301 496 1370 308.
520 1339 564 1350 -
588 1299 744 1369 Oblatio
767 1317 971 1368 cereorum
994 1299 1045 1366 ab
1068 1298 1263 1366 ordinatis
1287 1295 1481 1364 facienda.
1585 1373 1586 1380 ἵ

355 1455 399 1466 -
414 1414 594 1481 Offertorio
613 1415 701 1478 lecto
721 1412 763 1479 ab
783 1414 958 1500 episcopo,
980 1411 1127 1477 ordinati
1147 1435 1297 1476 omnes«
1316 1409 1482 1475 accedunt
1585 1419 1586 1484 ᾗ

355 1527 427 1594 bini
451 1537 485 1593 et
508 1527 578 1592 bini
603 1528 645 1593 ad
669 1527 882 1616 pontificem,
909 1549 1023 1592 corani
1049 1550 1117 1614 quo
1141 1524 1312 1612 genuflexi
1334 1523 1481 1588 offerunt
1585 1545 1586 1612 r

355 1643 407 1708 illi
420 1643 574 1728 sinqulaa
589 1642 743 1706 candelas
758 1665 925 1725 acceruaa,
943 1649 977 1706 et
992 1641 1189 1705 osculantur
1204 1639 1278 1726 ejus
1293 1659 1435 1702 manum
1453 1663 1480 1698 n.

358 1758 409 1822 Ita
439 1757 654 1842 Pontificale,
688 1756 722 1820 in
749 1756 803 1821 tit.
838 1757 889 1820 Du
922 1775 1135 1822 oanrairroan
1167 1773 1367 1818 rnnsnuraar.
1402 1750 1481 1828 Qua
1585 1731 1586 1752 ³

356 1871 483 1936 oblatio
499 1871 612 1934 locum
632 1870 734 1934 etiam
753 1869 871 1950 habet,
894 1869 974 1934 licet
993 1869 1097 1932 missa
1117 1891 1185 1932 non
1204 1866 1350 1946 dicatur,
1374 1865 1411 1929 in
1430 1885 1482 1927 or-

356 1984 530 2050 dinatione
565 1983 607 2048 ad
631 1983 774 2071 primam
808 1991 987 2048 tonsuram
1017 1989 1051 2047 et
1077 1981 1120 2046 ad
1153 1981 1289 2045 ordines
1320 1980 1479 2056 minores,

355 2105 396 2164 ut
413 2105 507 2186 patet
526 2121 568 2163 ex
587 2099 793 2182 Pontificati‚
815 2098 868 2163 tit.
892 2099 943 2162 Dr
962 2117 1091 2162 cannino
1111 2115 1280 2174 ancirano,
1302 2101 1335 2158 et
1354 2094 1410 2157 tit.
1434 2091 1480 2155 Da

356 2233 528 2279 uraonrnus
547 2213 746 2278 onnixuu‘s'¹
763 2212 863 2276 —Vi
882 2211 980 2299 legis,
1003 2211 1091 2276 cerei
1103 2210 1229 2275 debent
1244 2231 1317 2272 esse
1337 2205 1478 2282 accensi,

356 2335 395 2392 ut
413 2334 507 2416 patet
525 2326 638 2390 verbis
654 2325 785 2406 relatis;
803 2348 922 2390 verum
941 2325 1105 2390 toleratur
1118 2347 1213 2404 usus,
1235 2323 1269 2386 vi
1289 2321 1480 2408 cujusunus

357 2448 492 2506 tantum
507 2439 541 2504 in
561 2440 714 2528 quolibet
733 2439 851 2504 ordine
871 2463 1006 2505 cereum
1025 2461 1206 2504 accensum
1227 2437 1360 2515 offerat,
1380 2432 1481 2499 cereis

358 2555 502 2622 aliorum
515 2577 583 2618 non
599 2554 762 2636 accensis,
777 2555 827 2618 uti
842 2577 1000 2643 expresse
1014 2553 1189 2641 respondit
1203 2553 1237 2617 S.
1255 2551 1324 2616 Rit.
1341 2549 1478 2634 Congu,

358 2677 431 2737 tum
450 2669 485 2733 in
504 2691 572 2733 una
591 2668 801 2752 Marsorum,
826 2669 866 2732 12
886 2691 965 2733 nov.
990 2667 1095 2746 1831,
1118 2667 1160 2732 ad
1180 2668 1212 2746 ’1,
1236 2673 1309 2730 turn
1330 2665 1364 2728 in
1387 2663 1480 2726 Pata-

358 2787 447 2868 vina,
470 2785 489 2850 ’1
509 2783 583 2848 dec.
606 2782 704 2864 1811,
726 2783 770 2846 ad
785 2783 837 2849 4³.

405 3013 501 3082 309.
521 3053 564 3062 -
584 3013 819 3082 communio
842 3011 1117 3081 ordinatorum
1131 3011 1175 3078 in
1189 3010 1311 3076 missa
1329 3007 1482 3074 ordina-

360 3128 481 3196 tionis
491 3129 516 3195 ⁴.
535 3164 579 3175 -
600 3130 632 3191 1.
655 3125 810 3192 Ordinati
829 3127 863 3190 in
883 3126 988 3190 sacris
1007 3131 1167 3190 tenentur
1186 3145 1317 3188 sacram
1336 3141 1482 3186 commu-

360 3241 497 3306 nionem
521 3241 670 3328 recipere
699 3241 734 3303 in
763 3240 866 3304 missa
895 3239 1135 3319 ordinationis;
1166 3243 1300 3303 constat
1327 3251 1481 3322 expresse

360 3355 434 3442 ipso
454 3362 551 3419 textu
571 3354 797 3440 Pontificalie‚
816 3353 907 3441 quod
926 3353 961 3416 id
979 3351 1032 3418 bis
1052 3353 1189 3432 asserit,
1212 3360 1285 3416 turn
1305 3351 1340 3414 in
1361 3350 1415 3414 tit.
1438 3347 1482 3411 Dr

362 3490 467 3534 seems
487 3489 654 3534 onnrnrnus
673 3490 704 3532 11
724 3486 869 3534 onasus:
892 3494 908 3528 a
928 3466 1021 3532 Sacri
1035 3474 1069 3531 et
1089 3466 1234 3553 majores
1253 3463 1391 3528 ordines
1411 3463 1482 3528 sunt

363 3581 639 3664 subdiaconatus,
662 3582 859 3646 diaconatus
881 3589 914 3646 et
933 3579 1205 3668 presbyteratus,
1227 3581 1271 3642 ad
1290 3599 1375 3664 quos
1398 3573 1482 3641 ordi·

364 3697 435 3760 nati
455 3719 569 3760 omnes
588 3699 710 3760 debent
729 3697 978 3760 communicare
984 3713 999 3778 ,⁰
1018 3693 1093 3759 ideo
1114 3699 1273 3782 parentur
1292 3715 1352 3780 pro
1373 3708 1482 3755 eorum

363 3833 504 3876 numero
524 3811 643 3874 hostiae
662 3833 774 3898 parvae
794 3808 1045 3886 consecrandae;
1070 3836 1086 3869 rr
1108 3816 1181 3872 tum
1201 3808 1234 3870 in
1255 3807 1308 3871 tit.
1332 3806 1382 3870 Du
1403 3821 1484 3870 onol-

396 3975 404 4007 ¹
423 3975 536 4023 Decreta
550 3973 636 4030 auth..
654 3979 770 4032 113593,
787 3977 806 4022 t.
823 3990 864 4033 ur,
880 3989 907 4036 p.
922 3979 975 4022 152.

395 4052 407 4087 ²
424 4053 512 4116 Hujus
532 4052 678 4100 oblationis
698 4067 793 4100 sensus
812 4053 945 4115 mysticos
964 4052 1051 4114 aperit
1072 4049 1182 4108 Hallier‚
1200 4053 1270 4110 part.
1287 4047 1325 4102 11,
1348 4051 1481 4098 secturi,

365 4146 388 4179 c.
405 4145 440 4189 rr,
457 4133 506 4180 art.
523 4135 550 4189 3,
566 4131 608 4179 ed.
624 4131 726 4193 iligna,
742 4131 879 4180 1011162.

396 4209 407 4244 ³
423 4209 537 4257 Decreta
551 4208 637 4266 auth„
655 4225 680 4258 n.
697 4213 770 4268 2682,
787 4213 860 4268 2883,
877 4212 896 4258 t.
913 4225 943 4266 ιι,
960 4223 987 4270 p.
1004 4213 1062 4266 133,
1078 4213 1133 4256 313.

396 4287 407 4321 ⁴
424 4287 464 4336 Cf.
481 4287 591 4346 Hallier,
609 4287 658 4336 loc.
675 4287 730 4346 cit,
746 4303 769 4336 c.
785 4302 824 4344 xr,
842 4291 892 4336 ert.
909 4294 930 4345 6,
947 4287 998 4335 col.
1015 4291 1084 4335 1569.
