3300 5056
406 420 450 468 DE
467 418 679 470 TEMPORIBUS
699 420 740 469 Er
759 419 841 470 LOCO
859 420 1114 472 alternationem
1197 388 1199 392 Ι
1272 418 1323 474 247

164 602 168 614 .
243 587 272 634 c.
294 562 467 651 Jejunium
492 569 623 646 autem,
649 563 692 628 de
718 585 784 651 quo
811 563 934 649 agitur,
957 570 991 628 et
1015 564 1106 652 qnod
1131 565 1324 630 continuari

199 679 297 742 dehet
317 679 351 742 in
365 678 456 743 diem
470 679 690 762 dominicam,
708 685 844 744 nonest
858 677 1027 766 jejunium
1042 681 1197 745 naturale
1214 680 1324 769 (quid-

198 791 282 881 quid
300 791 405 880 aliqui
423 792 631 881 dixerunt¹),
649 792 710 858 sed
724 793 893 882 jejunium
912 793 1182 879 ecclesiasticum,
1201 795 1323 882 dequo

198 905 271 971 solo
303 907 415 993 agitur
442 907 477 971 in
507 930 581 995 cap.
610 907 876 988 Innocentian03
906 907 1010 995 igitur
1042 915 1116 974 tum
1143 909 1324 997 episcopus

198 1019 379 1103 ordinans,
414 1029 489 1086 tum
525 1021 723 1103 ordinandi,
753 1021 922 1109 jejunium
958 1021 1092 1088 sabbati
1125 1023 1322 1089 continuare

198 1133 324 1200 debent
346 1135 382 1200 in
401 1135 492 1200 diem
511 1135 734 1217 dominicam,
756 1135 803 1201 ita
821 1143 860 1202 ut
884 1135 1024 1202 sabbato
1044 1159 1171 1202 coenam
1190 1159 1323 1202 sumere

198 1247 429 1338 illisprorsus
452 1249 548 1315 netas
574 1250 637 1332 sit;
664 1249 733 1314 illis
757 1256 872 1315 tamen
895 1247 1112 1338 permittetur
1130 1252 1324 1337 frustulum

198 1371 257 1430 aut
279 1366 538 1450 collatiuncula,
563 1365 703 1455 quibus,
730 1365 882 1432 moribus
907 1367 1094 1450 hodiernis,
1121 1366 1324 1455 frauginon

198 1487 357 1546 censetur
376 1479 547 1568 jejunium
556 1485 577 1545 ².
599 1519 644 1530 -
668 1478 788 1573 Quoad
812 1503 887 1562 eos,
913 1481 972 1569 qui
998 1481 1033 1546 in
1059 1481 1163 1546 missa
1188 1481 1324 1546 ordina·

198 1593 300 1658 tionis
316 1594 369 1658 die
384 1593 554 1660 dominica
573 1592 775 1659 celebranda
794 1617 925 1658 sacram
940 1595 1215 1659 communionem
1233 1617 1325 1660 rece-

197 1707 290 1794 pturi
309 1713 405 1789 sunt,
426 1707 529 1774 etiam
548 1707 718 1796 jejunium
743 1708 914 1792 naturale,
937 1730 957 1773 a
980 1707 1091 1773 media
1114 1716 1231 1790 nocte,
1254 1731 1325 1773 ser-

161 1908 163 1914 f
197 1843 278 1886 vare
297 1820 439 1904 debent,
459 1827 499 1886 ut
517 1821 745 1886 clarissimum
765 1829 829 1886 est.

158 1935 163 1945 '
242 1937 277 2000 4⁰
296 1935 417 2014 Quoad
436 1937 711 2002 consuetudinem
734 1943 852 2001 contra
875 1943 1030 2024 tempora
1054 1937 1321 2020 ordinationum,

196 2049 231 2114 id
250 2057 315 2132 est,
332 2050 367 2115 vi
386 2049 484 2139 cujus
503 2050 683 2138 episcopus
698 2049 849 2115 conferat
868 2050 1004 2116 ordines
1023 2073 1137 2117 sacros
1156 2060 1253 2116 entre
1267 2075 1326 2116 sec

196 2166 339 2230 sabbata
360 2166 541 2252 praedicta,
569 2164 781 2252 improbatur
806 2165 841 2229 in
863 2165 957 2252 jure,
985 2188 1108 2253 nempe
1134 2189 1208 2254 cap.
1237 2165 1324 2231 Sene

196 2301 310 2364 super,
327 2279 359 2361 2,
382 2279 434 2343 Da
453 2300 546 2344 reue.
565 2299 655 2359 ann,
671 2279 713 2342 in
733 2301 800 2366 quo
816 2278 1011 2343 Alexander
1026 2278 1091 2360 I-ll,
1109 2279 1151 2344 de
1169 2279 1232 2346 hac
1252 2280 1324 2369 ipsa

197 2391 442 2458 consuetudine
457 2393 614 2480 loquens,
632 2392 702 2459 ait:
721 2419 737 2453 a
754 2391 992 2480 significamus
1008 2392 1099 2480 quod
1113 2395 1322 2458 consuetudo

197 2505 273 2588 illa,
303 2514 417 2593 utpote
447 2507 652 2571 institutioni
674 2506 899 2571 ecclesiastice
927 2507 1079 2591 inimice,
1109 2515 1161 2572 est
1182 2509 1320 2593 penitus

197 2620 423 2706 improbanda
431 2638 446 2703 ,·
465 2620 531 2684 »vi
551 2643 632 2709 ergo
646 2619 747 2708 hujus
763 2627 890 2702 textus,
908 2621 1118 2686 consuetudo
1134 2621 1192 2685 illa
1209 2644 1323 2706 repro-

197 2736 316 2817 batur,
341 2758 405 2800 nec
428 2741 542 2823 potest
564 2733 784 2800 invalescere.
809 2773 854 2783 -
878 2735 1075 2800 Putaverim
1098 2741 1213 2800 tamen
1236 2735 1323 2800 hanc

196 2848 468 2937 reprobationem
479 2848 579 2914 hodie
593 2869 763 2926 cessasse;
778 2855 830 2914 tot
844 2849 935 2915 enim
948 2871 1109 2914 concessa
1122 2856 1203 2914 sunt
1213 2849 1325 2935 Regu-

88 2989 90 2992 ·
195 2963 323 3028 laribus
341 2963 520 3050 privilegia
539 2963 724 3051 recipiendi
742 2963 879 3027 ordines
898 2970 994 3028 extra
1012 2970 1182 3050 tempora,
1204 2969 1323 3050 totque

196 3077 365 3166 episcopis
378 3099 538 3142 concessa
550 3077 683 3142 indulta
693 3078 878 3164 peragendi
893 3077 1123 3142 ordinationes
1134 3083 1230 3142 extra
1243 3083 1323 3142 tem·

195 3215 289 3280 pora,
304 3199 342 3256 ut
358 3213 441 3256 usus
456 3191 532 3274 iste,
549 3213 671 3279 nempe
686 3191 882 3256 conferendi
894 3191 1029 3256 ordines
1043 3199 1139 3256 extra
1154 3199 1319 3280 tempora,

194 3329 263 3370 non
282 3307 392 3394 possit
415 3305 563 3393 amplius
582 3305 649 3370 dici
669 3305 874 3371 institutioni
897 3306 1121 3371 ecclesiasticae
1146 3307 1302 3370 inimicus
1307 3356 1318 3389 ,

194 3419 277 3507 quin
290 3402 412 3507 injuria
423 3419 592 3484 redundet
603 3419 639 3484 in
653 3419 831 3508 pontifices
845 3419 917 3486 haec
932 3419 1063 3485 indulta
1075 3419 1321 3508 privilegiaque

194 3521 431 3599 concedentes
453 3513 601 3616 Revera,
623 3541 662 3599 ut
681 3532 823 3616 dicetur,
845 3555 914 3598 non
937 3541 1018 3598 sunt
1041 3533 1188 3623 amplius
1210 3555 1320 3620 poenee

194 3647 272 3712 latae
309 3648 487 3714 sententiae
524 3653 642 3714 contra
680 3647 875 3713 ordinantes
912 3655 972 3712 aut
1008 3647 1181 3713 ordinatos
1222 3656 1319 3712 cotra

195 3763 379 3848 temporat

195 3931 232 3980 De
246 3933 327 3994 temp.
343 3929 414 3988 ord„
429 3935 491 3990 mo,
507 3945 534 3993 p.
543 3935 604 3990 215;
622 3958 649 3967 -
664 3929 840 3990 d'Annibale,
856 3929 1007 3988 Stemmata,
1024 3935 1045 3980 t.
1060 3945 1101 3990 ιιι,
1118 3931 1160 3979 ed.
1176 3937 1199 3988 3,
1215 3946 1241 3979 n.
1258 3935 1316 3980 29⁴.

194 4013 250 4059 not.
267 4016 294 4068 2,
311 4024 337 4072 p.
355 4012 414 4068 245ς
429 4035 460 4046 -
474 4009 612 4072 Gasparri,
625 4009 663 4058 De
678 4007 860 4067 ordinatione,
877 4023 903 4056 n.
919 4013 958 4068 6¹1,
975 4012 994 4058 t.
1011 4025 1031 4068 r,
1048 4025 1074 4072 p.
1090 4015 1134 4068 38,
1151 4013 1203 4058 etc.

226 4086 233 4120 ¹
252 4087 286 4134 V.
302 4103 338 4149 g„
355 4085 478 4149 Pirhing,
495 4087 544 4136 loc.
560 4086 606 4136 cil.

205 4165 235 4214 ‚²
251 4164 293 4213 lta
309 4165 398 4222 aeia..
414 4164 588 4224 d'Annibele,
605 4165 747 4228 Guspsrri,
765 4165 814 4214 toc.
830 4164 886 4223 cit„
902 4167 954 4214 etc.

226 4243 236 4278 ³
253 4241 283 4290 ln
299 4243 422 4292 Statibus
437 4243 586 4292 Foedcratis
600 4244 733 4292 Americoe
749 4243 974 4307 Septentrionelis
993 4244 1045 4292 alia
1059 4243 1228 4292 consuetudo
1243 4243 1317 4290 invn-
