3290 5060
356 475 407 528 m
621 477 664 527 DE
684 477 822 530 LEGIBUS
842 477 956 527 SACRAE
974 476 1211 528 ouulnnrlonts

356 671 431 712 nem
461 653 669 732 receperant,
696 645 773 712 ait:
800 645 966 710 «Verum
991 645 1069 732 quia
1094 644 1287 710 fraternitas
1315 651 1373 708 tua
1402 667 1484 732 sup-

355 761 487 850 pliciter
505 784 525 826 a
544 759 643 824 nobis
662 749 804 848 expetiit
821 767 876 842 ut,
893 759 1000 849 ipsius
1018 759 1170 824 ecclesiae
1186 757 1482 846 (Mediolanensis)

354 875 592 940 necessitatem
607 873 835 940 sollicitudine
845 881 986 963 paterna
1001 882 1195 962 pensantes,
1208 872 1271 938 tibi
1282 871 1483 938 deberemus

354 989 526 1054 licentiam
551 987 730 1075 indulgere
756 1011 879 1052 manus
904 1011 1006 1076 posse
1031 987 1100 1051 illis
1126 986 1348 1052 ordinationis
1370 989 1482 1074 impo-

355 1125 451 1184 nere,
477 1125 579 1191 super
605 1102 669 1166 hoc
697 1109 764 1166 tuae
790 1101 994 1167 fraternitati
1019 1101 1134 1167 taliter
1158 1101 1318 1165 duximus
1342 1121 1483 1187 respon-

355 1218 505 1282 dendum
526 1216 633 1305 quod,
656 1217 762 1302 ipsius
779 1217 920 1281 ecclesia
940 1217 1132 1282 necessitate
1146 1225 1303 1301 pensata,
1324 1217 1354 1279 si
1372 1215 1483 1301 aliqm

355 1333 489 1420 suerint
508 1331 548 1396 de
567 1333 773 1417 supradictis
792 1331 933 1414 clericis,
951 1332 1013 1417 qui
1032 1331 1077 1394 ad
1092 1331 1154 1394 boe
1173 1330 1353 1394 uideantur
1372 1330 1483 1394 idonei

355 1457 387 1512 et
405 1455 589 1532 spontanea
609 1446 781 1510 voluntate
800 1468 866 1530 per
880 1439 983 1510 ¹tuum
1004 1445 1231 1510 ministerium
1252 1445 1420 1509 voluerint
1438 1445 1484 1506 ad

355 1585 467 1627 sacros
487 1561 622 1625 ordines
636 1562 848 1645 promoveri,
870 1581 924 1626 eos
947 1561 1148 1625 auctoritate
1168 1567 1283 1624 nostra
1304 1560 1366 1624 tibi
1386 1559 1483 1622 liceat

356 1677 546 1742 ordinare¹.
567 1702 583 1734 »
615 1713 657 1726 -
685 1673 751 1738 Sed
780 1695 823 1738 ex
851 1674 913 1739 bac
941 1674 1085 1762 epistola
1116 1673 1382 1740 demonstrative
1412 1695 1482 1737 non

356 1789 534 1856 deducitur
548 1789 606 1876 jus
626 1788 824 1872 universale,
842 1789 904 1852 sed
918 1787 1028 1853 solum
1042 1789 1100 1876 jus
1115 1789 1337 1874 particulare,
1354 1788 1389 1852 in
1410 1786 1482 1850 sola

356 1904 453 1970 ltalia
472 1909 506 1967 et
526 1903 641 1967 forsan
660 1902 694 1966 in
714 1902 787 1968 sola
806 1902 980 1991 provincia
999 1911 1058 1968 aut
1077 1903 1216 1968 dioecesi
1236 1901 1482 1967 Mediolanensi

355 2018 491 2103 vigona,
514 2024 548 2081 et
571 2015 647 2080 ideo
671 2015 786 2080 forsan
810 2015 881 2080 haec
905 2016 1047 2104 epistola
1072 2016 1261 2081 Innocentii
1285 2016 1389 2082 relata
1413 2037 1481 2078 nou

356 2130 420 2196 fuit
438 2131 473 2194 iu
494 2130 644 2214 Corpore
661 2129 768 2194 Jurie.

301 2247 309 2264 '
401 2247 434 2309 d.
457 2244 529 2308 Alii
549 2242 636 2328 (fere
656 2266 775 2308 omnes
794 2243 967 2332 doctores)
989 2251 1167 2308 recurrunt
1189 2245 1231 2309 ad
1255 2244 1366 2308 varias
1389 2267 1482 2308 com-

356 2359 561 2446 parationes.
579 2357 722 2436 Quando
740 2357 920 2446 episcopus
940 2359 975 2422 in
994 2357 1108 2446 aliquo
1128 2358 1227 2423 altari
1242 2359 1381 2422 missam
1396 2359 1483 2424 eele-

355 2471 483 2553 bravit,
513 2471 608 2536 nefas
636 2478 689 2536 est
714 2471 923 2559 presbytero,
945 2471 980 2536 in
1009 2472 1129 2537 eodem
1156 2472 1254 2537 altari
1284 2473 1403 2536 eadem
1429 2473 1482 2537 die

356 2587 543 2668 celebrare,
573 2609 615 2651 ex
642 2609 716 2651 can.
746 2587 788 2650 In
813 2588 933 2665 attari,
963 2587 1022 2669 97,
1051 2587 1131 2652 dist.
1162 2585 1210 2667 ll,
1241 2587 1291 2651 Du
1317 2608 1480 2666 cousucu.;

355 2702 483 2789 pariter
508 2702 543 2765 in
569 2707 714 2789 quatuor
740 2699 891 2765 basilicis
916 2700 1197 2788 patriarchalibus
1220 2699 1322 2766 Urbis
1347 2702 1481 2774 Romae,

356 2817 391 2881 in
422 2815 520 2880 altari
550 2813 728 2902 principali
759 2815 854 2879 solus
884 2816 927 2882 R.
959 2815 1119 2880 Pontifex
1146 2815 1286 2880 missam
1315 2815 1483 2880 celebrare

357 2936 470 3018 potest
481 2933 503 2994 ².
521 2928 665 2992 Addunt
684 2927 786 2991 etiam
805 2928 1010 3015 principium
1025 2930 1181 3016 generale
1197 2949 1205 2996 ε
1223 2929 1364 3008 Quoties
1384 2929 1485 2993 alicui

357 3044 493 3131 negotio
514 3066 654 3107 manum
669 3044 825 3128 apposuit
840 3041 881 3106 R.
901 3041 1071 3124 Pontifex,
1089 3043 1186 3108 nefas
1204 3051 1257 3108 est
1271 3044 1485 3109 inferioribus

357 3160 393 3224 in
418 3159 482 3222 hoe
508 3157 683 3243 negotium
710 3179 745 3220 se
773 3155 1009 3222 intromittere.
1036 3195 1080 3206 -—
1104 3157 1186 3239 Sed,
1211 3166 1252 3224 ut
1276 3167 1387 3246 patet,
1413 3161 1485 3224 brec

359 3272 472 3338 omnia
501 3271 626 3335 debilia
654 3277 734 3334 sunt
761 3277 980 3356 argumenta;
1007 3294 1088 3336 nam
1116 3275 1323 3358 comparatio
1347 3283 1485 3339 nonest

362 3387 471 3469 ratio‚·
489 3393 650 3464 ceterum,
672 3384 785 3472 quoad
805 3383 898 3471 prius
917 3386 1128 3473 exemplum,
1151 3385 1193 3450 de
1217 3387 1374 3476 episcopo
1397 3388 1486 3454 cele-

360 3500 479 3565 brante
505 3499 540 3562 in
567 3497 680 3585 aliquo
707 3497 821 3579 altari,
850 3499 905 3563 lex
934 3497 1007 3581 illa,
1033 3506 1153 3589 utpote
1182 3501 1252 3566 lata
1279 3501 1314 3565 in
1343 3502 1487 3566 concilio

362 3611 655 3678 Autissiodorensi
671 3611 739 3700 (an.
757 3611 848 3700 578),
870 3635 945 3677 can.
965 3613 1039 3694 10³,
1061 3637 1236 3703 nunquam
1256 3614 1320 3679 fuit
1338 3615 1394 3680 lex
1413 3617 1489 3681 uni-

364 3726 523 3806 versalis,
549 3733 584 3790 et
609 3725 710 3790 hodie
734 3727 768 3791 in
792 3727 1051 3792 desuetudinem
1075 3727 1158 3794 abiit
1169 3731 1191 3794 ⁴.
1218 3728 1339 3809 Quoad
1362 3731 1488 3818 prinei-

365 3842 458 3932 pium
477 3840 519 3904 de
539 3841 746 3926 appositione
766 3863 886 3905 manus
905 3843 1104 3927 pontificia,
1127 3843 1219 3931 quod
1237 3843 1328 3909 valet
1347 3868 1489 3933 praeser-

398 4053 405 4085 ¹
425 4051 576 4100 innocentii
592 4049 630 4098 lll
645 4052 724 4114 epist.
738 4065 804 4111 xxu;
821 4052 924 4114 Migne,
941 4051 971 4100 P.
988 4053 1027 4111 L„
1043 4057 1063 4103 t.
1079 4069 1166 4116 ccxiv,
1182 4057 1233 4105 eol.
1248 4063 1285 4107 18.

396 4133 408 4166 ¹
426 4129 465 4178 Cf.
478 4128 671 4178 Praetectiones
683 4129 715 4177 de
729 4130 807 4179 Locis
820 4129 920 4190 saeris,
936 4147 962 4178 n.
979 4133 1032 4192 63,
1047 4137 1083 4180 ³⁰.

398 4209 525 4266 ³Bruns,
544 4207 678 4264 Concitia,
696 4211 714 4256 t.
732 4225 762 4268 n,
778 4225 805 4273 p.
819 4214 874 4258 238.

397 4288 408 4320 ⁴
425 4287 534 4335 Aficubi
549 4286 745 4335 observabatur
760 4291 882 4353 tempore
898 4289 1037 4342 Benedicti
1053 4291 1126 4350 xiv,
1144 4291 1193 4341 loc.
1210 4291 1267 4352 cit„
1284 4297 1331 4354 59.
