3294 5054
261 479 305 527 DE
324 479 552 529 ORDINATIONE
571 478 821 530 RELIGIOSORUM
840 479 1001 529 VOTORUM
1019 477 1214 528 SIMPLICIUM
1247 475 1300 528 427

170 625 291 712 jussit,
320 631 505 712 antequam
531 625 681 714 religiosi
709 625 933 690 admittantur
960 626 1004 690 ad
1027 625 1197 706 habitum,
1227 625 1300 690 siv'e

174 737 217 804 ab
237 738 395 826 episcopo
415 737 572 825 originis,
595 740 667 804 sive
687 739 729 804 ab
749 740 918 828 episcopis
936 739 1145 822 dioeceseon‚
1168 741 1203 803 in
1223 741 1300 827 qui-

174 851 238 920 bus
258 852 436 939 postulans
456 861 607 918 moratus
627 863 680 919 est
698 854 787 918 ultra
808 877 914 918 unum
938 873 1081 930 annum;
1103 853 1137 916 in
1163 853 1216 918 his
1240 854 1299 917 lit-

174 967 256 1032 teris
276 965 445 1031 Ordinarii
469 968 644 1032 testificari
664 967 789 1032 debent
813 969 854 1032 de
879 967 1085 1055 postulantis
1110 967 1297 1050 natalibus,

174 1089 285 1164 atate,
308 1083 375 1144 vita
408 1091 440 1144 ot
470 1083 638 1166 moribus,
660 1091 725 1147 etc.
758 1083 879 1163 Porro,
909 1089 948 1146 ut
976 1088 1111 1146 constat
1137 1080 1212 1145 loco
1238 1081 1295 1146 cit.

175 1192 280 1259 Cone.
302 1195 393 1259 Trid.
413 1197 501 1282 (cap.
524 1195 582 1259 Ad
602 1197 758 1278 minores,
783 1199 815 1276 5,
839 1219 924 1261 sess.
946 1195 1090 1282 XXIII),
1111 1195 1166 1259 lex
1187 1195 1300 1283 puhli-

175 1308 318 1372 oationis
337 1309 514 1372 nominum
534 1332 602 1373 non
626 1309 731 1374 alium
756 1311 857 1374 linem
876 1307 994 1389 habet,
1017 1309 1083 1373 nisi
1106 1307 1299 1395 inquirendi

175 1421 217 1486 dc
237 1422 417 1487 ordinandi
441 1424 628 1506 natalibus,
650 1432 761 1506 astate,
784 1425 851 1487 cita
875 1431 909 1487 et
930 1424 1102 1504 moribus,·
1121 1445 1201 1508 ergo
1221 1422 1298 1486 huic

174 1536 242 1621 legi
261 1536 333 1622 jam
354 1537 566 1601 satisfactum
589 1543 642 1602 est
666 1561 726 1624 per
749 1537 998 1602 testimoniales
1022 1559 1040 1601 a
1061 1537 1122 1600 Pio
1150 1535 1196 1600 IX
1215 1560 1298 1624 prae-

174 1650 335 1737 scriptas;
362 1689 406 1699 —
429 1651 462 1716 2.
490 1651 655 1738 Religiosi
679 1657 837 1715 votorum
856 1651 1078 1738 simplicium,
1102 1651 1160 1739 qui
1178 1651 1298 1716 fruun-

175 1769 230 1827 tur
249 1763 383 1828 indulto
402 1765 534 1829 litteras
555 1766 764 1830 dimissorias
788 1766 1012 1846 concedendi,
1035 1766 1104 1830 fere
1128 1766 1163 1829 in
1187 1766 1298 1829 omni-

175 1875 237 1942 bus
256 1879 489 1944 assimilantur
507 1879 752 1965 Regularibus,
774 1880 887 1968 quoad
915 1881 1179 1960 ordinationem;
1210 1879 1299 1944 ordi-

174 1999 298 2055 nantur
324 1981 432 2072 enim,
461 1992 549 2056 sicut
586 1993 792 2080 Regulares,
825 1993 868 2058 ab
901 1995 1058 2081 episcopo
1085 1993 1296 2072 dioeoesano,

174 2127 251 2169 cum
284 2105 484 2170 dimissoriis
513 2107 711 2194 superioris,
745 2108 788 2172 ad
818 2108 958 2173 titulum
988 2131 1114 2172 mensae
1145 2129 1298 2172 commu-

174 2219 228 2282 nis
258 2221 335 2308 (qui
365 2221 546 2308 aequivalct
577 2221 678 2286 titulo
707 2222 954 2309 paupertatisl,
985 2222 1057 2286 sine
1086 2223 1298 2286 testimonia-

173 2331 280 2414 libus,
310 2341 394 2414 etc.;
415 2357 544 2416 revera,
567 2359 609 2400 cx
627 2336 740 2416 dictis,
767 2337 895 2401 motiva
924 2337 1024 2424 hujus
1042 2335 1300 2400 assimilationis

174 2455 228 2512 sat
246 2455 381 2535 patent,
412 2471 493 2534 ergo
513 2473 657 2536 pronum
678 2457 730 2514 est
750 2451 852 2514 etiam
875 2459 914 2516 ut
932 2451 1163 2515 assimilentur
1187 2450 1299 2535 Regu-

173 2559 302 2625 larihus
338 2563 449 2649 quoad
485 2564 735 2651 exemptionem
774 2589 793 2628 a
828 2565 903 2650 lege
937 2563 1175 2651 publicationis
1213 2561 1299 2626 ban-

174 2695 306 2740 norum.

219 2789 301 2853 Haeo
319 2799 520 2876 argumenta
540 2813 608 2856 non
629 2799 708 2856 sunt
727 2792 933 2880 spernenda;
955 2793 1063 2869 unde,
1085 2771 1165 2858 licet
1183 2793 1298 2880 opinio

174 2909 295 2968 tenens
314 2905 493 2990 religiosos
512 2905 602 2970 dicta
622 2906 696 2992 lege
721 2907 828 2971 toneri
850 2907 1007 2972 videatur
1025 2907 1094 2993 juri
1121 2915 1155 2970 ct
1174 2907 1298 2994 princi-

174 3016 240 3102 piis
258 3017 473 3099 conformior,
501 3019 585 3082 mihi
605 3027 718 3084 tamen
742 3022 856 3108 opinio
877 3021 983 3086 altera
1007 3021 1142 3086 videtur
1165 3044 1244 3084 vere
1264 3027 1299 3084 et

175 3129 283 3196 solide
312 3133 528 3220 probabilis¹.
550 3173 593 3182 —
626 3135 769 3199 Alumni
798 3136 1074 3222 congregationis
1110 3135 1294 3214 Missionis,

175 3245 316 3330 quando¹
332 3247 449 3310 Romae
468 3247 679 3329 ordinantur,
702 3271 769 3312 non
788 3256 948 3314 tenentur
968 3250 1042 3336 lege
1061 3247 1299 3335 proclamatio·

176 3381 271 3440 num,
292 3361 327 3424 vi
346 3360 474 3426 decreti
493 3362 528 3428 S.
551 3361 677 3448 Congr.
700 3363 820 3444 Cone,
845 3366 884 3430 l'l
905 3387 976 3452 apr.
1000 3363 1118 3430 17282.

223 3612 318 3682 189.
348 3653 391 3663 -
424 3615 580 3684 Titulus
608 3635 756 3684 monsae
789 3618 1028 3684 communis.
1068 3655 1112 3664 -
1149 3617 1198 3680 De
1235 3615 1298 3680 hoc

175 3725 277 3790 titulo
298 3726 369 3792 haeo
389 3727 530 3793 dicenda
553 3749 560 3796 :

223 3839 258 3902 l⁰
277 3841 410 3906 Titulus
431 3866 549 3908 mensae
564 3845 752 3908 communis
771 3844 927 3908 consistit
945 3844 981 3906 in
1001 3843 1074 3931 ipso
1088 3845 1184 3930 jure,
1207 3845 1300 3930 quod

179 3955 412 4041 unusquisque
438 3955 630 4042 relipiosus,
659 3959 691 4022 oi
711 3981 778 4022 suae
793 3958 1017 4043 professionis
1041 3967 1197 4022 votorum
1215 3959 1299 4021 sim-

208 4203 217 4237 ¹
236 4203 313 4253 Hanc
327 4207 403 4254 tenet
417 4205 558 4268 Gsspsrri,
574 4205 612 4271 De
626 4206 812 4265 ordinatione,
830 4222 856 4254 n.
871 4211 930 4265 201,
947 4208 973 4254 in
988 4207 1054 4265 linc,
1071 4211 1090 4256 t.
1108 4223 1137 4264 n,
1154 4222 1180 4268 p.
1197 4212 1235 4254 26.

209 4281 220 4316 ²
237 4284 318 4345 Apud
335 4283 505 4342 lionoranto,
523 4285 571 4334 tor.
588 4285 643 4342 cit„
660 4301 686 4348 p.
701 4291 754 4334 130.
