3270 5050
374 487 491 538 SUMMA
510 488 686 538 DOCTRINAE
705 487 895 539 CATHOLIGAE
914 489 958 538 DE
977 485 1156 538 ORDINIBUS
1291 481 1325 535 59

240 629 270 688 b.
291 627 409 690 Contra
430 627 635 690 Cresconium
649 629 858 706 donatistam,
878 629 931 689 lib.
953 629 998 702 ΙΙ,
1015 650 1045 689 u.
1066 631 1118 702 12,
1135 625 1245 686 similia
1265 625 1324 686 ha-

201 733 271 793 bet:
295 759 310 791 α
334 734 485 814 Magnum
501 734 620 817 aliquid
638 735 695 795 tibi
715 736 818 795 dicere
833 735 918 795 visus
938 755 986 812 es,
1003 731 1194 794 nominando
1212 730 1326 792 Candi-

198 839 273 898 dum
300 839 581 919 villaregiensem,
611 848 644 902 et
673 841 834 902 Donatum
867 838 1172 912 Macomadieusem‚
1202 834 1261 919 qui
1287 857 1327 896 ec

198 943 310 1003 vestris
338 943 495 1026 episcopis
522 944 619 1006 etiam
647 945 736 1027 apud
763 966 819 1006 nos
845 943 985 1027 episcopi
1009 943 1204 1024 suerunt...,
1232 941 1326 1023 quasi

198 1055 399 1110 sacramenta
408 1056 439 1110 et
451 1049 608 1111 invocatio
622 1049 759 1112 nominis
771 1049 846 1128 Dei,
860 1071 932 1134 quse
946 1049 984 1131 fil
997 1046 1085 1131 apud
1098 1067 1165 1124 vos,
1180 1045 1250 1128 ipsa
1265 1045 1326 1104 iai·

199 1152 282 1214 mica
295 1153 339 1214 sit
353 1153 461 1234 nohis,
478 1175 551 1216 cum
567 1161 598 1216 et
616 1154 652 1216 in
670 1155 711 1217 iis
725 1155 784 1238 qui
801 1160 892 1216 extra
908 1153 1087 1216 Ecclesiam
1101 1159 1190 1231 sunt,
1208 1172 1269 1212 non
1284 1149 1327 1211 sit

198 1257 328 1319 omnino
342 1257 408 1320 nisi
420 1259 610 1322 Ecclesiae...
628 1260 708 1322 ussi.
724 1261 818 1321 etiam
832 1281 864 1321 n.
883 1261 937 1334 13,
955 1259 1024 1320 14¹.

240 1385 267 1423 c.
290 1363 369 1424 ltem
389 1365 421 1424 in
440 1363 592 1426 Sermone
610 1365 653 1426 ad
672 1364 881 1427 Casareensis
894 1362 1048 1425 Ecclesia
1067 1362 1211 1444 plebem,
1228 1382 1259 1422 n.
1284 1365 1324 1421 2:

200 1494 214 1521 n
233 1467 295 1528 Sed
307 1475 438 1550 propter
450 1469 566 1530 malum
581 1469 666 1551 quod
681 1470 796 1531 hahent
807 1469 1021 1548 (Donatistae),
1031 1488 1095 1528 non
1110 1467 1200 1526 ineis
1216 1486 1325 1546 possu-
1417 1529 1419 1534 ,

200 1593 269 1632 mus
289 1575 435 1655 persequi
455 1574 538 1636 bona
553 1595 624 1655 quas
643 1576 852 1655 agnoscimus.
873 1574 993 1634 Malum
1009 1573 1090 1632 enim
1106 1571 1324 1639 dissensionis,

199 1678 391 1753 schismatis,
408 1679 550 1754 haeresis,
566 1680 684 1740 malum
699 1701 790 1740 suurn
803 1679 935 1754 habeut,
951 1679 1033 1738 bona
1048 1697 1123 1737 vero
1138 1695 1208 1756 quac
1220 1675 1253 1733 in
1266 1673 1327 1734 illis

200 1783 410 1862 agnoscimus
427 1805 490 1845 uon
506 1791 579 1846 suut
593 1806 660 1862 sua,
677 1785 806 1846 Domini
821 1785 928 1845 Nostri
942 1783 1060 1844 habeut
1074 1781 1168 1854 bona,
1181 1777 1327 1840 Ecclesiae

200 1891 319 1952 habent
337 1891 430 1954 bona.
452 1893 639 1976 Baptismus
658 1915 719 1954 aon
739 1901 785 1954 est
801 1892 957 1974 ipsorum,
974 1889 1030 1952 sed
1045 1888 1185 1967 Caram
1205 1886 1328 1948 invoca·

202 1995 246 2056 tio
266 1996 404 2058 nominis
423 1997 485 2059 Dei
502 2019 598 2081 super
617 2005 713 2081 caput
737 1999 877 2081 ipsorum
900 1995 1027 2080 quando
1051 1993 1243 2055 ordinantur
1263 1991 1327 2074 epi-

200 2101 302 2184 scopi,
321 2101 476 2164 invocatio
491 2103 549 2165 illa
564 2103 626 2166 Dei
638 2110 699 2182 ert,
717 2125 779 2164 non
794 2101 923 2164 Donati.
941 2101 1012 2162 Non
1027 2121 1098 2161 eum
1113 2098 1327 2180 suscipio'epi-

201 2227 348 2287 scopum,
366 2209 407 2282 si,
424 2209 550 2290 quando
565 2217 613 2270 est
627 2209 806 2282 ordinatuS,
822 2228 916 2290 super
931 2213 1026 2288 caput
1040 2206 1109 2286 ejus
1124 2205 1267 2264 Donatus
1281 2211 1329 2263 est

202 2311 378 2373 invocatus.
394 2310 433 2372 In
448 2319 576 2374 errante
590 2319 620 2374 et
634 2312 796 2374 deserente
810 2311 928 2387 milite,
945 2311 1067 2370 crimen
1080 2317 1127 2371 est
1140 2307 1326 2380 desertoris,

200 2416 370 2478 character
383 2425 489 2479 autem
504 2441 567 2480 non
582 2425 628 2480 est
642 2417 827 2496 desertoris,
844 2416 900 2479 sed
915 2415 1132 2498 imperatoris,
1150 2421 1209 2474 etc.
1225 2413 1248 2474 ².
1267 2439 1281 2468 o

242 2520 275 2582 d.
293 2523 351 2582 llis
365 2523 478 2585 similia
497 2525 592 2585 etiam
612 2524 723 2598 habet,
739 2532 805 2585 tum
823 2525 855 2582 in
870 2543 964 2604 opere
979 2522 1026 2583 De
1045 2519 1203 2602 baptismo
1218 2525 1328 2578 contra

203 2626 401 2706 Donatistas‚
423 2628 477 2690 lib.
500 2630 529 2704 l,
551 2651 579 2690 c.
598 2629 645 2702 1³3
665 2666 705 2674 —
724 2635 791 2689 tum
810 2629 842 2688 in
861 2627 1029 2688 Breoiculo
1049 2623 1237 2688 Collationis
1256 2643 1329 2682 crim
1361 2631 1364 2638 '

201 2731 395 2810 Donatistis,
417 2734 543 2795 collatio
563 2735 594 2810 l,
619 2755 647 2796 c.
668 2734 726 2809 v⁴;
743 2768 784 2779 -
802 2742 870 2794 tum
894 2733 925 2792 iu
946 2731 1078 2814 epistola
1096 2728 1257 2792 conciliari
1277 2727 1330 2788 Ad

203 2836 402 2915 Donatistae,
420 2861 451 2902 n.
470 2842 506 2900 13
517 2841 545 2914 ⁵3
560 2875 601 2885 -
617 2846 684 2900 tum
699 2841 732 2899 in
747 2838 879 2921 epistola
894 2836 948 2898 Ad
965 2835 1182 2912 Vincentium,
1200 2856 1231 2895 n.
1250 2833 1327 2906 46⁰3

202 2978 243 2988 -
259 2951 325 3002 tum
343 2945 375 3004 in
390 2945 521 3026 epistola
541 2965 665 3021 ccxxxv,
682 2944 730 3005 De
743 2942 937 3004 correctione
952 2941 1259 3016 Donatistarum,'n.
1276 2937 1327 3010 47,

203 3047 256 3107 ubi
268 3049 432 3110 manifeste
444 3057 579 3111 testatur
589 3051 758 3111 Ecclesiam
769 3049 949 3109 Africanam
962 3047 1126 3107 haereticos
1139 3053 1170 3106 et
1183 3046 1330 3105 schisma-

206 3153 284 3214 ticos
297 3155 470 3236 suscepisse
483 3175 555 3216 cum
570 3155 634 3216 suis
647 3154 829 3215 ordinibus:
849 3179 864 3210 (ι
877 3153 1006 3214 Ceteros
1016 3159 1189 3224 correctos,
1204 3148 1330 3210 etiamsi

204 3265 295 3320 astra
309 3258 490 3321 Ecclesiam
506 3259 649 3321 ordinati
667 3266 783 3337 essent,
801 3259 834 3318 in
848 3259 912 3319 suis
927 3257 1100 3318 honoribus
1115 3254 1329 3336 suscipiendos

205 3384 271 3424 esse
290 3372 481 3426 censuerunt
500 3363 706 3446 (episcopi)⁷.
729 3388 802 3420 u-
821 3364 958 3438 Revera,
980 3361 1146 3422 concilium
1166 3360 1330 3440 Carthagi-

205 3489 299 3530 nense
314 3469 360 3530 lll
376 3475 440 3547 (an.
455 3469 544 3552 397),
561 3491 629 3531 can.
644 3471 698 3544 38,
713 3471 776 3530 ait:
795 3493 810 3524 «
828 3468 908 3533 lllud
921 3473 1025 3528 autem
1038 3467 1232 3546 suggerimus
1244 3485 1330 3524 man-

206 3573 313 3635 datum
334 3575 441 3646 nobis,
462 3575 547 3658 quod
566 3576 661 3636 etiam
679 3575 712 3635 in
732 3573 889 3656 Capuensi
906 3573 1044 3654 plenaria
1065 3571 1185 3654 synodo
1205 3570 1331 3630 videtur

206 3687 377 3740 statutum:
395 3680 467 3741 Non
482 3679 574 3741 liceat
586 3681 654 3741 lieri
671 3679 930 3760 rebaptizationes
945 3685 977 3738 et
996 3676 1262 3752 reordinationes,
1280 3675 1329 3734 vel

237 3833 245 3867 ¹
263 3834 367 3898 Mignc,
380 3833 411 3884 P.
427 3835 467 3893 la,
484 3837 502 3884 t.
517 3849 591 3894 xuru,
607 3834 658 3883 col.
675 3837 802 3883 itt-itt.

238 3911 249 3946 ¹
268 3911 346 3970 loia,
362 3913 414 3962 col.
428 3917 483 3961 sal.

239 3989 346 4048 ³lbid.,
363 3991 414 4040 col.
430 3995 485 4038 1⁰9.

238 4071 250 4103 ⁴
266 4067 346 4128 loia,
363 4069 415 4118 ool.
430 4073 484 4118 615.

239 4151 250 4184 ⁵
267 4148 353 4210 Epist.
366 4160 438 4208 criu
452 4147 556 4210 Miglis,
572 4147 602 4195 P.
618 4147 656 4204 L.,
673 4149 694 4196 t.
709 4159 803 4206 mru,
819 4145 870 4194 col.
886 4148 941 4192 583.

239 4227 250 4261 ⁸
267 4227 353 4290 Epist.
368 4239 443 4286 xcru;
461 4224 537 4284 iota,
554 4226 604 4275 col.
621 4227 676 4274 343.

240 4306 251 4339 ⁷
268 4303 349 4362 tota,
365 4304 417 4353 col.
433 4307 487 4352 813.
