3290 5060
256 473 302 523 DE
321 471 506 524 onnlnanlo
526 474 568 524 ET
586 471 746 522 LEGI'I'IMO
765 471 1003 522 ORDINATIONIS
1023 472 1183 525 MINIS'I'HO
1250 473 1285 526 97

155 615 339 700 notabilie,·
358 643 375 677 «
397 615 529 704 ibique,
558 617 605 681 ait
631 614 867 696 Innocentius,
895 615 1034 702 insuper
1054 639 1120 701 per
1145 618 1286 704 aliquod

154 730 399 795 considerabile
427 739 560 816 tempus
582 729 840 811 commorando,
863 735 947 809 etc.;
973 756 990 788 »
1010 729 1064 794 hic
1083 753 1152 796 non
1171 733 1285 821 requi-

154 844 242 907 ritur
260 845 482 927 decennium;
500 867 598 924 nam,
620 865 698 908 cum
716 843 896 908 translatio
920 841 1089 908 bonorum
1116 845 1161 910 sit
1184 847 1284 912 vehe-

155 979 253 1022 mens
268 957 405 1044 signum
420 957 524 1022 animi
540 963 703 1047 perpetuo
719 955 890 1036 manendi,
912 956 1024 1022 minus
1041 965 1176 1046 tempus
1191 969 1283 1027 certo

120 1113 125 1120 -
155 1071 293 1152 sufficit,
307 1072 400 1160 quod
412 1073 638 1136 communiter
649 1069 852 1158 intelligitur
868 1071 1066 1154 triennium,
1082 1082 1284 1160 argumento

154 1187 337 1277 desumpto
357 1213 399 1254 ex
418 1212 514 1254 conc.
532 1188 639 1271 trid,
662 1211 735 1276 cap.
757 1187 961 1273 Episcopus,
979 1187 1017 1270 9,
1040 1212 1125 1257 sess.
1151 1191 1280 1274 XXIII,

156 1303 208 1367 Dr:
227 1323 383 1386 anacam,
409 1303 501 1391 quod
525 1303 667 1390 requirit
692 1302 893 1386 triennium,
920 1309 958 1366 ut
982 1302 1162 1392 episcopus
1186 1305 1283 1372 fami-

154 1416 275 1481 liarem
300 1439 400 1482 suum
424 1416 579 1482 ordinare
603 1417 748 1504 possit¹;
777 1454 821 1464 —
846 1415 878 1480 3.
906 1417 1011 1480 AEdee
1038 1418 1231 1503 inetructae,·
1250 1421 1283 1486 id

155 1537 220 1610 est,
237 1530 423 1618 requiritur
436 1538 474 1595 ut
488 1529 696 1598 ordinandus
710 1528 852 1610 habitet,
871 1552 938 1594 non
954 1529 1171 1619 ubicumque,
1185 1557 1218 1598 v.
1234 1557 1282 1620 g.,

155 1644 199 1708 ad
225 1643 317 1708 diem
345 1644 381 1708 in
405 1642 542 1730 publico
569 1643 773 1724 diversorio,
800 1644 860 1708 sed
887 1644 922 1708 in
952 1643 1081 1708 aedibus
1109 1645 1156 1710 ita
1184 1645 1285 1712 rebus

154 1757 358 1822 necessariis
383 1757 541 1838 munitis,
568 1763 607 1822 ut
633 1757 843 1844 significetur
869 1757 1014 1822 intentio
1043 1761 1283 1844 permanendi;

156 1894 225 1934 non
245 1871 466 1959 requiruntur
485 1894 565 1936 vero
589 1872 680 1936 aedes
694 1873 861 1957 propria,
883 1872 943 1936 sed
967 1871 1140 1939 sufficiunt
1159 1876 1286 1940 condu-

154 1983 238 2068 ctae‚·
259 2025 301 2037 -
321 1986 353 2052 l.
374 1985 633 2069 duramentum,
655 1993 694 2050 ut
713 2008 815 2073 supra
835 1984 964 2049 dictum
984 1991 1048 2052 est.

202 2097 314 2178 Unde,
343 2099 415 2163 sive
443 2099 563 2187 priori,
592 2099 664 2164 sive
692 2097 800 2164 altero
828 2099 941 2181 modo,
970 2099 1179 2166 ordinandus
1207 2103 1286 2166 con·

157 2213 300 2278 traxerit
333 2211 543 2278 domicilium
575 2212 610 2276 in
643 2211 757 2300 aliqua
788 2212 943 2293 dioecesi,
977 2213 1155 2301 episcopus
1187 2215 1286 2304 hujus

156 2327 315 2391 dioecesis
333 2325 372 2391 fit
390 2327 563 2412 episcopus
582 2327 758 2410 domicilii,
771 2327 897 2414 jusque
917 2327 1060 2416 acquirit
1079 2327 1129 2392 illi
1149 2328 1286 2396 subdito

155 2439 356 2506 confercndi
375 2440 522 2505 ordines.
540 2438 607 2506 Ubi
626 2440 815 2505 notandum
835 2440 984 2528 aliquem
999 2465 1099 2528 posse
1119 2441 1153 2506 in
1173 2441 1288 2530 aliqua

155 2552 298 2619 dioeeesi
326 2551 391 2618 sibi
414 2553 620 2619 constituere
649 2553 875 2634 domicilium,
901 2555 945 2619 ad
975 2555 1038 2620 hoc
1062 2578 1222 2642 expresse
1249 2563 1288 2620 ut

156 2669 308 2756 recipere
333 2667 442 2755 possit
468 2667 604 2732 ordines
634 2665 677 2732 ab
708 2668 866 2754 episcopo
893 2666 994 2754 hujus
1020 2667 1194 2750 dioeccsis;
1224 2669 1288 2738 hoc

156 2782 250 2847 enim
269 2781 393 2846 nullibi
411 2780 621 2870 prohibetur.

204 3011 273 3079 ³4.
288 3051 333 3060 —
346 3012 404 3079 De
419 3009 570 3097 duplici
584 3009 786 3078 domicillo
801 3009 966 3077 relative
985 3009 1038 3078 ad
1057 3009 1234 3080 ordines.
1245 3050 1288 3062 —

157 3125 279 3190 Potest
298 3123 376 3212 quis
395 3123 519 3188 habere
538 3123 606 3188 duo
626 3122 810 3205 domicilia,
828 3147 861 3188 v.
879 3147 928 3210 g.,
951 3123 994 3188 ad
1012 3124 1285 3207 matrimonium,

156 3239 201 3304 ad
215 3238 358 3326 judicia,
376 3245 456 3318 etc.;
475 3237 566 3325 quod
586 3259 704 3302 omnes
719 3237 925 3316 concedunt3
945 3236 1005 3308 sed
1024 3239 1187 3326 quaeritur
1205 3261 1288 3303 num

156 3353 235 3442 quis
258 3353 368 3440 possit
394 3350 518 3416 habere
544 3351 612 3416 duo
637 3350 808 3416 domicilia
834 3352 970 3416 relative
994 3352 1039 3415 ad
1062 3352 1214 3436 ordines,
1240 3353 1287 3416 ita

155 3474 211 3549 ut,
238 3488 300 3556 pro
324 3465 526 3553 recipiendis
550 3463 742 3545 ordinihm,
764 3465 872 3553 possit
895 3487 1066 3540 recurrere
1092 3466 1134 3532 ad
1159 3467 1287 3555 episco-

156 3604 239 3671 pum
258 3580 369 3646 unius·
380 3580 437 3645 vel
454 3578 597 3646 alterius
615 3579 791 3645 domicilii.
809 3618 853 3630 -
868 3579 997 3648 Porro:

203 3698 238 3760 l⁰
263 3694 384 3760 Plures
409 3692 529 3758 dicunt
556 3693 723 3758 neminem
745 3715 843 3779 posse
871 3693 995 3758 babere
1020 3693 1088 3757 duo
1114 3695 1285 3760 domicilia

157 3809 201 3874 ad
226 3809 373 3874 ordines.
399 3805 451 3874 Ita
475 3807 691 3890 Honorante,
720 3805 857 3888 LucidI,
889 3811 986 3872 etc.².
1015 3807 1187 3872 -Ratio
1215 3813 1283 3888 est,

153 3922 251 4009 juxta
273 3921 370 4002 illos,
397 3920 488 4009 quod
511 3920 720 3986 domicilium
744 3920 946 4008 requisitum
971 3921 1014 3985 ad
1038 3921 1190 4005 ordines,
1217 3943 1285 3986 non

157 4045 209 4102 est
227 4035 461 4118 ordinarium,
483 4034 543 4100 sed
567 4035 820 4123 qualificatum,
842 4039 876 4099 et
896 4033 1079 4122 qualitates
1103 4057 1164 4099 seu
1188 4033 1286 4100 dotes

187 4209 196 4243 ¹
214 4206 254 4258 lta
269 4207 445 4263 Honorante,
461 4220 488 4269 p.
502 4209 546 4263 99,
562 4221 588 4254 n.
606 4207 619 4253 l
649 4205 758 4268 aliique.

187 4287 198 4324 ²
214 4286 388 4344 Honor-ante,
405 4299 432 4348 p.
446 4288 486 4344 99,
501 4299 528 4332 n.
542 4287 570 4343 53
587 4309 614 4320 -
631 4283 739 4339 Lucidi.
755 4298 782 4332 n.
797 4288 835 4342 99,
852 4297 878 4347 p.
893 4289 947 4332 166.

232 4401 317 4438 “CM
332 4397 455 4435 ORDINAT.
