<?xml version="1.0" encoding="UTF-8"?>
<!DOCTYPE html PUBLIC "-//W3C//DTD XHTML 1.0 Transitional//EN"
    "http://www.w3.org/TR/xhtml1/DTD/xhtml1-transitional.dtd">
<html xmlns="http://www.w3.org/1999/xhtml" xml:lang="en" lang="en">
 <head>
  <title>
</title>
<meta http-equiv="Content-Type" content="text/html;charset=utf-8" />
  <meta name='ocr-system' content='tesseract 3.04.00' />
  <meta name='ocr-capabilities' content='ocr_page ocr_carea ocr_par ocr_line ocrx_word'/>
</head>
<body>
  <div class='ocr_page' id='page_1' title='image "./praelectionesde00manygoog_0521.png"; bbox 0 0 3238 5052; ppageno 0'>
   <div class='ocr_carea' id='block_1_1' title="bbox 363 493 1154 546">
    <p class='ocr_par' dir='ltr' id='par_1_1' title="bbox 363 493 1154 546">
     <span class='ocr_line' id='line_1_1' title="bbox 363 493 1154 546; baseline -0.003 -2"><span class='ocrx_word' id='word_1_1' title='bbox 363 493 418 544; x_wconf 70' lang='lat'><em>504</em></span> <span class='ocrx_word' id='word_1_2' title='bbox 706 495 749 543; x_wconf 86' lang='lat' dir='ltr'><em>DE</em></span> <span class='ocrx_word' id='word_1_3' title='bbox 770 494 899 544; x_wconf 74' lang='lat' dir='ltr'><em>numus</em></span> <span class='ocrx_word' id='word_1_4' title='bbox 918 495 1154 546; x_wconf 68' lang='lat' dir='ltr'><em>orsotslrroms</em></span> 
     </span>
    </p>
   </div>
   <div class='ocr_carea' id='block_1_2' title="bbox 357 639 1492 1524">
    <p class='ocr_par' dir='ltr' id='par_1_2' title="bbox 357 639 1492 842">
     <span class='ocr_line' id='line_1_2' title="bbox 408 639 1492 716; baseline -0.006 -8"><span class='ocrx_word' id='word_1_5' title='bbox 408 640 503 709; x_wconf 86' lang='lat'><strong>261.</strong></span> <span class='ocrx_word' id='word_1_6' title='bbox 533 679 576 688; x_wconf 89' lang='lat'>—</span> <span class='ocrx_word' id='word_1_7' title='bbox 605 640 840 716; x_wconf 77' lang='lat' dir='ltr'><em>Quaeritur:</em></span> <span class='ocrx_word' id='word_1_8' title='bbox 873 641 913 708; x_wconf 84' lang='lat'><em>4⁰</em></span> <span class='ocrx_word' id='word_1_9' title='bbox 941 639 1087 716; x_wconf 85' lang='lat' dir='ltr'><em>Quinam</em></span> <span class='ocrx_word' id='word_1_10' title='bbox 1116 641 1160 704; x_wconf 87' lang='lat' dir='ltr'><em>sit</em></span> <span class='ocrx_word' id='word_1_11' title='bbox 1193 641 1280 704; x_wconf 86' lang='lat' dir='ltr'><em>ritus</em></span> <span class='ocrx_word' id='word_1_12' title='bbox 1308 642 1492 704; x_wconf 84' lang='lat' dir='ltr'><em>essentialis</em></span> 
     </span>
     <span class='ocr_line' id='line_1_3' title="bbox 357 755 1075 842; baseline 0.001 -23"><span class='ocrx_word' id='word_1_13' title='bbox 357 755 618 842; x_wconf 73' lang='lat' dir='ltr'><strong><em>presbyteratus</em></strong></span> <span class='ocrx_word' id='word_1_14' title='bbox 638 756 671 818; x_wconf 89' lang='lat' dir='ltr'><em>in</em></span> <span class='ocrx_word' id='word_1_15' title='bbox 693 755 817 819; x_wconf 82' lang='lat' dir='ltr'><em>ritihus</em></span> <span class='ocrx_word' id='word_1_16' title='bbox 837 755 1075 820; x_wconf 83' lang='lat' dir='ltr'><em>orientalibus.</em></span> 
     </span>
    </p>

    <p class='ocr_par' dir='ltr' id='par_1_3' title="bbox 361 867 1491 1524">
     <span class='ocr_line' id='line_1_4' title="bbox 406 867 1488 957; baseline 0.006 -25"><span class='ocrx_word' id='word_1_17' title='bbox 406 870 504 954; x_wconf 84' lang='lat' dir='ltr'><em>ltesp.</em></span> <span class='ocrx_word' id='word_1_18' title='bbox 521 891 534 934; x_wconf 94' lang='grc'><em>.·</em></span> <span class='ocrx_word' id='word_1_19' title='bbox 556 867 649 933; x_wconf 83' lang='lat' dir='ltr'>Idem</span> <span class='ocrx_word' id='word_1_20' title='bbox 669 870 809 933; x_wconf 91' lang='lat' dir='ltr'><em>omnino</em></span> <span class='ocrx_word' id='word_1_21' title='bbox 826 869 1009 933; x_wconf 88' lang='lat' dir='ltr'><em>dicendum</em></span> <span class='ocrx_word' id='word_1_22' title='bbox 1027 877 1079 934; x_wconf 89' lang='lat' dir='ltr'><em>est</em></span> <span class='ocrx_word' id='word_1_23' title='bbox 1095 869 1186 957; x_wconf 92' lang='lat' dir='ltr'><em>quod</em></span> <span class='ocrx_word' id='word_1_24' title='bbox 1201 892 1262 956; x_wconf 92' lang='lat' dir='ltr'><em>pro</em></span> <span class='ocrx_word' id='word_1_25' title='bbox 1279 869 1347 934; x_wconf 89' lang='lat' dir='ltr'><em>ritu</em></span> <span class='ocrx_word' id='word_1_26' title='bbox 1362 893 1488 955; x_wconf 68' lang='lat' dir='ltr'><em>grano.</em></span> 
     </span>
     <span class='ocr_line' id='line_1_5' title="bbox 361 983 1491 1070; baseline -0.001 -24"><span class='ocrx_word' id='word_1_27' title='bbox 361 1006 482 1070; x_wconf 83' lang='lat' dir='ltr'>nempe</span> <span class='ocrx_word' id='word_1_28' title='bbox 502 983 605 1047; x_wconf 88' lang='lat' dir='ltr'><em>ritum</em></span> <span class='ocrx_word' id='word_1_29' title='bbox 627 983 714 1047; x_wconf 89' lang='lat' dir='ltr'><em>hunc</em></span> <span class='ocrx_word' id='word_1_30' title='bbox 734 991 889 1048; x_wconf 78' lang='lat' dir='ltr'>constare</span> <span class='ocrx_word' id='word_1_31' title='bbox 910 991 983 1048; x_wconf 90' lang='lat' dir='ltr'><em>tum</em></span> <span class='ocrx_word' id='word_1_32' title='bbox 1003 986 1215 1069; x_wconf 78' lang='lat' dir='ltr'><em>impositione</em></span> <span class='ocrx_word' id='word_1_33' title='bbox 1236 1006 1491 1070; x_wconf 69' lang='lat' dir='ltr'><em>manuumque</em></span> 
     </span>
     <span class='ocr_line' id='line_1_6' title="bbox 361 1097 1489 1184; baseline -0.003 -22"><span class='ocrx_word' id='word_1_34' title='bbox 361 1098 542 1162; x_wconf 87' lang='lat' dir='ltr'><em>comitatur</em></span> <span class='ocrx_word' id='word_1_35' title='bbox 566 1098 754 1162; x_wconf 88' lang='lat' dir='ltr'><em>orationem</em></span> <span class='ocrx_word' id='word_1_36' title='bbox 783 1099 1088 1169; x_wconf 81' lang='lat' dir='ltr'><em>consecratoriam,</em></span> <span class='ocrx_word' id='word_1_37' title='bbox 1123 1097 1283 1163; x_wconf 73' lang='lat' dir='ltr'><em>tumbae</em></span> <span class='ocrx_word' id='word_1_38' title='bbox 1313 1100 1388 1184; x_wconf 89' lang='lat' dir='ltr'><em>ipsa</em></span> <span class='ocrx_word' id='word_1_39' title='bbox 1420 1121 1489 1160; x_wconf 86' lang='lat' dir='ltr'><em>ora-</em></span> 
     </span>
     <span class='ocr_line' id='line_1_7' title="bbox 362 1212 1490 1300; baseline -0.002 -26"><span class='ocrx_word' id='word_1_40' title='bbox 362 1214 449 1275; x_wconf 88' lang='lat' dir='ltr'><em>tioue</em></span> <span class='ocrx_word' id='word_1_41' title='bbox 476 1213 732 1276; x_wconf 69' lang='lat' dir='ltr'><em>consecratoria.</em></span> <span class='ocrx_word' id='word_1_42' title='bbox 766 1213 807 1276; x_wconf 78' lang='lat' dir='ltr'><em>lit</em></span> <span class='ocrx_word' id='word_1_43' title='bbox 834 1235 911 1276; x_wconf 88' lang='lat' dir='ltr'><em>cum</em></span> <span class='ocrx_word' id='word_1_44' title='bbox 939 1235 1027 1299; x_wconf 74' lang='lat' dir='ltr'><em>serpe</em></span> <span class='ocrx_word' id='word_1_45' title='bbox 1059 1213 1127 1276; x_wconf 89' lang='lat' dir='ltr'><em>sint</em></span> <span class='ocrx_word' id='word_1_46' title='bbox 1156 1212 1247 1291; x_wconf 77' lang='lat' dir='ltr'><em>dua,</em></span> <span class='ocrx_word' id='word_1_47' title='bbox 1282 1213 1350 1276; x_wconf 89' lang='lat' dir='ltr'><em>imo</em></span> <span class='ocrx_word' id='word_1_48' title='bbox 1377 1212 1490 1300; x_wconf 79' lang='lat' dir='ltr'><em>plures</em></span> 
     </span>
     <span class='ocr_line' id='line_1_8' title="bbox 362 1325 1488 1412; baseline -0.004 -20"><span class='ocrx_word' id='word_1_49' title='bbox 362 1325 557 1412; x_wconf 86' lang='lat' dir='ltr'><em>hujusmodi</em></span> <span class='ocrx_word' id='word_1_50' title='bbox 591 1327 826 1412; x_wconf 77' lang='lat' dir='ltr'><em>impositiones</em></span> <span class='ocrx_word' id='word_1_51' title='bbox 858 1333 891 1390; x_wconf 90' lang='lat' dir='ltr'><em>et</em></span> <span class='ocrx_word' id='word_1_52' title='bbox 920 1327 1107 1396; x_wconf 71' lang='lat' dir='ltr'><em>(nationes,</em></span> <span class='ocrx_word' id='word_1_53' title='bbox 1142 1327 1183 1390; x_wconf 90' lang='lat' dir='ltr'><em>de</em></span> <span class='ocrx_word' id='word_1_54' title='bbox 1215 1327 1322 1412; x_wconf 90' lang='lat' dir='ltr'><em>prima</em></span> <span class='ocrx_word' id='word_1_55' title='bbox 1353 1333 1488 1390; x_wconf 87' lang='lat' dir='ltr'><em>tantum</em></span> 
     </span>
     <span class='ocr_line' id='line_1_9' title="bbox 361 1441 487 1524; baseline 0 -20"><span class='ocrx_word' id='word_1_56' title='bbox 361 1441 487 1524; x_wconf 77' lang='lat' dir='ltr'><em>agitur.</em></span> 
     </span>
    </p>
   </div>
   <div class='ocr_carea' id='block_1_3' title="bbox 362 1671 1488 3361">
    <p class='ocr_par' dir='ltr' id='par_1_4' title="bbox 363 1671 1488 1871">
     <span class='ocr_line' id='line_1_10' title="bbox 407 1671 1488 1748; baseline -0.007 -9"><span class='ocrx_word' id='word_1_57' title='bbox 407 1671 501 1739; x_wconf 83' lang='lat'><strong>262.</strong></span> <span class='ocrx_word' id='word_1_58' title='bbox 523 1712 566 1720; x_wconf 94' lang='lat'><em>—-</em></span> <span class='ocrx_word' id='word_1_59' title='bbox 585 1673 807 1748; x_wconf 76' lang='lat' dir='ltr'><em>Quaeritur:</em></span> <span class='ocrx_word' id='word_1_60' title='bbox 826 1675 867 1740; x_wconf 88' lang='grc' dir='ltr'><em>5υ</em></span> <span class='ocrx_word' id='word_1_61' title='bbox 887 1673 994 1748; x_wconf 71' lang='lat' dir='ltr'><em>Num,</em></span> <span class='ocrx_word' id='word_1_62' title='bbox 1017 1674 1060 1735; x_wconf 84' lang='lat' dir='ltr'><em>ad</em></span> <span class='ocrx_word' id='word_1_63' title='bbox 1081 1673 1287 1735; x_wconf 75' lang='lat' dir='ltr'><em>validitatem</em></span> <span class='ocrx_word' id='word_1_64' title='bbox 1304 1673 1488 1734; x_wconf 85' lang='lat' dir='ltr'><em>ordinatio-</em></span> 
     </span>
     <span class='ocr_line' id='line_1_11' title="bbox 363 1786 1349 1871; baseline -0.001 -22"><span class='ocrx_word' id='word_1_65' title='bbox 363 1787 425 1853; x_wconf 86' lang='lat' dir='ltr'><em>nis.</em></span> <span class='ocrx_word' id='word_1_66' title='bbox 450 1787 617 1871; x_wconf 73' lang='lat' dir='ltr'><em>impositio</em></span> <span class='ocrx_word' id='word_1_67' title='bbox 639 1809 803 1851; x_wconf 74' lang='lat' dir='ltr'><em>aestiuum</em></span> <span class='ocrx_word' id='word_1_68' title='bbox 823 1787 899 1870; x_wconf 68' lang='lat' dir='ltr'><em>lieri</em></span> <span class='ocrx_word' id='word_1_69' title='bbox 919 1787 1038 1850; x_wconf 83' lang='lat' dir='ltr'><em>debeat</em></span> <span class='ocrx_word' id='word_1_70' title='bbox 1059 1795 1148 1849; x_wconf 84' lang='lat' dir='ltr'><em>tactu</em></span> <span class='ocrx_word' id='word_1_71' title='bbox 1170 1786 1349 1870; x_wconf 82' lang='lat' dir='ltr'><em>corporati.</em></span> 
     </span>
    </p>

    <p class='ocr_par' dir='ltr' id='par_1_5' title="bbox 362 1899 1488 3361">
     <span class='ocr_line' id='line_1_12' title="bbox 407 1899 1487 1990; baseline -0.002 -28"><span class='ocrx_word' id='word_1_72' title='bbox 407 1901 504 1986; x_wconf 84' lang='lat' dir='ltr'><em>Hesp.</em></span> <span class='ocrx_word' id='word_1_73' title='bbox 524 1923 535 1964; x_wconf 94' lang='lat'><em>:</em></span> <span class='ocrx_word' id='word_1_74' title='bbox 560 1899 587 1964; x_wconf 89' lang='lat' dir='ltr'><em>l.</em></span> <span class='ocrx_word' id='word_1_75' title='bbox 613 1901 687 1964; x_wconf 77' lang='lat' dir='ltr'><em>Non</em></span> <span class='ocrx_word' id='word_1_76' title='bbox 708 1901 833 1965; x_wconf 88' lang='lat' dir='ltr'><em>desunt</em></span> <span class='ocrx_word' id='word_1_77' title='bbox 848 1902 906 1990; x_wconf 91' lang='lat' dir='ltr'><em>qui</em></span> <span class='ocrx_word' id='word_1_78' title='bbox 926 1901 1041 1966; x_wconf 83' lang='lat' dir='ltr'><em>dicant</em></span> <span class='ocrx_word' id='word_1_79' title='bbox 1056 1899 1307 1988; x_wconf 86' lang='lat' dir='ltr'><em>impositionem</em></span> <span class='ocrx_word' id='word_1_80' title='bbox 1327 1922 1487 1963; x_wconf 86' lang='lat' dir='ltr'><em>manuum</em></span> 
     </span>
     <span class='ocr_line' id='line_1_13' title="bbox 362 2014 1488 2104; baseline -0.002 -28"><span class='ocrx_word' id='word_1_81' title='bbox 362 2014 434 2076; x_wconf 86' lang='lat' dir='ltr'><em>lieri</em></span> <span class='ocrx_word' id='word_1_82' title='bbox 455 2014 576 2079; x_wconf 88' lang='lat' dir='ltr'><em>debere</em></span> <span class='ocrx_word' id='word_1_83' title='bbox 605 2024 695 2080; x_wconf 86' lang='lat' dir='ltr'><em>tactu</em></span> <span class='ocrx_word' id='word_1_84' title='bbox 723 2017 893 2101; x_wconf 79' lang='lat' dir='ltr'><em>corporali</em></span> <span class='ocrx_word' id='word_1_85' title='bbox 910 2039 922 2080; x_wconf 93' lang='grc'><em>.·</em></span> <span class='ocrx_word' id='word_1_86' title='bbox 943 2015 1034 2104; x_wconf 92' lang='lat' dir='ltr'><em>quod</em></span> <span class='ocrx_word' id='word_1_87' title='bbox 1065 2015 1297 2079; x_wconf 86' lang='lat' dir='ltr'><em>demonstrare</em></span> <span class='ocrx_word' id='word_1_88' title='bbox 1323 2021 1488 2078; x_wconf 84' lang='lat' dir='ltr'><em>conantur</em></span> 
     </span>
     <span class='ocr_line' id='line_1_14' title="bbox 363 2130 1485 2213; baseline -0.003 -21"><span class='ocrx_word' id='word_1_89' title='bbox 363 2137 435 2192; x_wconf 89' lang='lat' dir='ltr'><em>tum</em></span> <span class='ocrx_word' id='word_1_90' title='bbox 450 2151 523 2213; x_wconf 83' lang='lat' dir='ltr'><em>cap.</em></span> <span class='ocrx_word' id='word_1_91' title='bbox 549 2130 749 2212; x_wconf 69' lang='lat' dir='ltr'><em>Presbyter,</em></span> <span class='ocrx_word' id='word_1_92' title='bbox 777 2131 813 2204; x_wconf 81' lang='lat'><em>3,</em></span> <span class='ocrx_word' id='word_1_93' title='bbox 839 2131 888 2194; x_wconf 83' lang='lat' dir='ltr'><em>De</em></span> <span class='ocrx_word' id='word_1_94' title='bbox 908 2151 1122 2194; x_wconf 71' lang='lat' dir='ltr'><em>sucessimus</em></span> <span class='ocrx_word' id='word_1_95' title='bbox 1143 2151 1204 2194; x_wconf 77' lang='lat' dir='ltr'><em>sos</em></span> <span class='ocrx_word' id='word_1_96' title='bbox 1226 2149 1411 2199; x_wconf 74' lang='lat' dir='ltr'><em>issamms.</em></span> <span class='ocrx_word' id='word_1_97' title='bbox 1434 2151 1485 2190; x_wconf 83' lang='lat' dir='ltr'><em>su·</em></span> 
     </span>
     <span class='ocr_line' id='line_1_15' title="bbox 363 2241 1484 2330; baseline -0.003 -27"><span class='ocrx_word' id='word_1_98' title='bbox 363 2263 422 2326; x_wconf 86' lang='lat' dir='ltr'><em>pra</em></span> <span class='ocrx_word' id='word_1_99' title='bbox 448 2250 502 2328; x_wconf 86' lang='lat' dir='ltr'><em>(n.</em></span> <span class='ocrx_word' id='word_1_100' title='bbox 528 2243 629 2314; x_wconf 83' lang='grc'><strong>254)</strong></span> <span class='ocrx_word' id='word_1_101' title='bbox 657 2243 776 2321; x_wconf 87' lang='lat' dir='ltr'><em>relato,</em></span> <span class='ocrx_word' id='word_1_102' title='bbox 806 2253 879 2308; x_wconf 91' lang='lat' dir='ltr'><em>tum</em></span> <span class='ocrx_word' id='word_1_103' title='bbox 909 2245 1039 2308; x_wconf 85' lang='lat' dir='ltr'><em>ratione</em></span> <span class='ocrx_word' id='word_1_104' title='bbox 1067 2243 1273 2330; x_wconf 83' lang='lat' dir='ltr'><em>theologioa;</em></span> <span class='ocrx_word' id='word_1_105' title='bbox 1301 2265 1377 2305; x_wconf 87' lang='lat' dir='ltr'><em>eum</em></span> <span class='ocrx_word' id='word_1_106' title='bbox 1401 2241 1484 2304; x_wconf 88' lang='lat' dir='ltr'><em>enim</em></span> 
     </span>
     <span class='ocr_line' id='line_1_16' title="bbox 363 2354 1485 2445; baseline -0.003 -27"><span class='ocrx_word' id='word_1_107' title='bbox 363 2363 514 2442; x_wconf 86' lang='lat' dir='ltr'><em>potestas</em></span> <span class='ocrx_word' id='word_1_108' title='bbox 541 2357 670 2422; x_wconf 81' lang='lat' dir='ltr'><em>ordinis</em></span> <span class='ocrx_word' id='word_1_109' title='bbox 698 2367 849 2423; x_wconf 89' lang='lat' dir='ltr'><em>trauseat</em></span> <span class='ocrx_word' id='word_1_110' title='bbox 879 2358 921 2424; x_wconf 88' lang='lat' dir='ltr'><em>ab</em></span> <span class='ocrx_word' id='word_1_111' title='bbox 948 2360 1106 2445; x_wconf 89' lang='lat' dir='ltr'><em>episeopo</em></span> <span class='ocrx_word' id='word_1_112' title='bbox 1136 2357 1313 2420; x_wconf 78' lang='lat' dir='ltr'><em>ordinante</em></span> <span class='ocrx_word' id='word_1_113' title='bbox 1334 2355 1377 2419; x_wconf 88' lang='lat' dir='ltr'><em>ad</em></span> <span class='ocrx_word' id='word_1_114' title='bbox 1404 2354 1485 2417; x_wconf 91' lang='lat' dir='ltr'><em>ordi·</em></span> 
     </span>
     <span class='ocr_line' id='line_1_17' title="bbox 364 2470 1485 2560; baseline -0.004 -27"><span class='ocrx_word' id='word_1_115' title='bbox 364 2477 498 2541; x_wconf 80' lang='lat' dir='ltr'><em>natum.</em></span> <span class='ocrx_word' id='word_1_116' title='bbox 523 2472 705 2558; x_wconf 88' lang='lat' dir='ltr'><em>requiritur</em></span> <span class='ocrx_word' id='word_1_117' title='bbox 724 2481 760 2536; x_wconf 91' lang='lat' dir='ltr'><em>ut</em></span> <span class='ocrx_word' id='word_1_118' title='bbox 786 2497 863 2537; x_wconf 89' lang='lat' dir='ltr'><em>eum</em></span> <span class='ocrx_word' id='word_1_119' title='bbox 883 2474 990 2538; x_wconf 87' lang='lat' dir='ltr'><em>altero</em></span> <span class='ocrx_word' id='word_1_120' title='bbox 1011 2471 1157 2560; x_wconf 89' lang='lat' dir='ltr'><em>quodam</em></span> <span class='ocrx_word' id='word_1_121' title='bbox 1182 2471 1283 2535; x_wconf 89' lang='lat' dir='ltr'><em>modo</em></span> <span class='ocrx_word' id='word_1_122' title='bbox 1303 2470 1485 2556; x_wconf 80' lang='lat' dir='ltr'><em>conjunga-</em></span> 
     </span>
     <span class='ocr_line' id='line_1_18' title="bbox 365 2579 1486 2674; baseline -0.004 -28"><span class='ocrx_word' id='word_1_123' title='bbox 365 2591 439 2648; x_wconf 87' lang='lat' dir='ltr'><em>tur:</em></span> <span class='ocrx_word' id='word_1_124' title='bbox 471 2585 561 2672; x_wconf 90' lang='lat' dir='ltr'><em>quod</em></span> <span class='ocrx_word' id='word_1_125' title='bbox 586 2587 623 2650; x_wconf 90' lang='lat' dir='ltr'><em>lit</em></span> <span class='ocrx_word' id='word_1_126' title='bbox 653 2611 712 2674; x_wconf 89' lang='lat' dir='ltr'><em>per</em></span> <span class='ocrx_word' id='word_1_127' title='bbox 737 2589 987 2674; x_wconf 85' lang='lat' dir='ltr'><em>impositionem</em></span> <span class='ocrx_word' id='word_1_128' title='bbox 1021 2609 1182 2651; x_wconf 87' lang='lat' dir='ltr'><em>manuum</em></span> <span class='ocrx_word' id='word_1_129' title='bbox 1204 2595 1294 2649; x_wconf 87' lang='lat' dir='ltr'><em>tactu</em></span> <span class='ocrx_word' id='word_1_130' title='bbox 1322 2579 1486 2668; x_wconf 88' lang='lat' dir='ltr'><em>corporati</em></span> 
     </span>
     <span class='ocr_line' id='line_1_19' title="bbox 366 2699 1486 2786; baseline -0.002 -24"><span class='ocrx_word' id='word_1_131' title='bbox 366 2707 549 2786; x_wconf 84' lang='lat' dir='ltr'><em>pernetam.</em></span> <span class='ocrx_word' id='word_1_132' title='bbox 574 2701 639 2773; x_wconf 80' lang='lat' dir='ltr'><em>lta,</em></span> <span class='ocrx_word' id='word_1_133' title='bbox 663 2725 740 2765; x_wconf 86' lang='lat' dir='ltr'><em>eum</em></span> <span class='ocrx_word' id='word_1_134' title='bbox 764 2703 856 2784; x_wconf 74' lang='lat' dir='ltr'><em>aliis,</em></span> <span class='ocrx_word' id='word_1_135' title='bbox 881 2703 1009 2767; x_wconf 87' lang='lat' dir='ltr'><em>Hallier</em></span> <span class='ocrx_word' id='word_1_136' title='bbox 1024 2708 1045 2767; x_wconf 82' lang='lat'><em>¹.</em></span> <span class='ocrx_word' id='word_1_137' title='bbox 1072 2741 1115 2750; x_wconf 93' lang='lat'><em>-</em></span> <span class='ocrx_word' id='word_1_138' title='bbox 1135 2701 1261 2766; x_wconf 85' lang='lat' dir='ltr'><em>Verum</em></span> <span class='ocrx_word' id='word_1_139' title='bbox 1286 2699 1396 2762; x_wconf 88' lang='lat' dir='ltr'><em>multo</em></span> <span class='ocrx_word' id='word_1_140' title='bbox 1416 2719 1486 2785; x_wconf 87' lang='lat' dir='ltr'><em>pro·</em></span> 
     </span>
     <span class='ocr_line' id='line_1_20' title="bbox 367 2810 1485 2905; baseline -0.004 -29"><span class='ocrx_word' id='word_1_141' title='bbox 367 2812 512 2878; x_wconf 80' lang='lat' dir='ltr'><em>habilius</em></span> <span class='ocrx_word' id='word_1_142' title='bbox 533 2815 713 2880; x_wconf 84' lang='lat' dir='ltr'><em>dicendum</em></span> <span class='ocrx_word' id='word_1_143' title='bbox 734 2825 783 2880; x_wconf 86' lang='lat' dir='ltr'><em>est</em></span> <span class='ocrx_word' id='word_1_144' title='bbox 805 2841 871 2881; x_wconf 90' lang='lat' dir='ltr'><em>non</em></span> <span class='ocrx_word' id='word_1_145' title='bbox 893 2818 1018 2905; x_wconf 82' lang='lat' dir='ltr'><em>requiri</em></span> <span class='ocrx_word' id='word_1_146' title='bbox 1039 2826 1166 2881; x_wconf 85' lang='lat' dir='ltr'><em>tactum</em></span> <span class='ocrx_word' id='word_1_147' title='bbox 1187 2814 1412 2899; x_wconf 78' lang='lat' dir='ltr'><em>corporalem.</em></span> <span class='ocrx_word' id='word_1_148' title='bbox 1434 2810 1485 2874; x_wconf 85' lang='lat' dir='ltr'><em>sed</em></span> 
     </span>
     <span class='ocr_line' id='line_1_21' title="bbox 368 2929 1484 3019; baseline -0.004 -28"><span class='ocrx_word' id='word_1_149' title='bbox 368 2929 521 2993; x_wconf 87' lang='lat' dir='ltr'><em>sullieere</em></span> <span class='ocrx_word' id='word_1_150' title='bbox 537 2938 574 2994; x_wconf 91' lang='lat' dir='ltr'><em>ut</em></span> <span class='ocrx_word' id='word_1_151' title='bbox 594 2931 773 3019; x_wconf 88' lang='lat' dir='ltr'><em>episcopus</em></span> <span class='ocrx_word' id='word_1_152' title='bbox 795 2941 902 2996; x_wconf 80' lang='lat' dir='ltr'><em>teneat</em></span> <span class='ocrx_word' id='word_1_153' title='bbox 924 2954 1063 2995; x_wconf 79' lang='lat' dir='ltr'><em>inunum</em></span> <span class='ocrx_word' id='word_1_154' title='bbox 1083 2953 1185 3016; x_wconf 91' lang='lat' dir='ltr'><em>super</em></span> <span class='ocrx_word' id='word_1_155' title='bbox 1205 2939 1331 3014; x_wconf 85' lang='lat' dir='ltr'><em>caput:</em></span> <span class='ocrx_word' id='word_1_156' title='bbox 1350 2929 1421 2990; x_wconf 73' lang='lat' dir='ltr'><em>here</em></span> <span class='ocrx_word' id='word_1_157' title='bbox 1440 2931 1484 2988; x_wconf 83' lang='lat' dir='ltr'><em>est</em></span> 
     </span>
     <span class='ocr_line' id='line_1_22' title="bbox 369 3043 1486 3130; baseline -0.005 -24"><span class='ocrx_word' id='word_1_158' title='bbox 369 3043 458 3106; x_wconf 89' lang='lat' dir='ltr'><em>enim</em></span> <span class='ocrx_word' id='word_1_159' title='bbox 483 3069 561 3108; x_wconf 86' lang='lat' dir='ltr'><em>vere</em></span> <span class='ocrx_word' id='word_1_160' title='bbox 585 3047 753 3130; x_wconf 88' lang='lat' dir='ltr'><em>impositio</em></span> <span class='ocrx_word' id='word_1_161' title='bbox 778 3069 914 3130; x_wconf 69' lang='lat' dir='ltr'><em>manus,</em></span> <span class='ocrx_word' id='word_1_162' title='bbox 944 3045 1065 3124; x_wconf 80' lang='lat' dir='ltr'><em>idest,</em></span> <span class='ocrx_word' id='word_1_163' title='bbox 1093 3046 1217 3130; x_wconf 89' lang='lat' dir='ltr'><em>positio</em></span> <span class='ocrx_word' id='word_1_164' title='bbox 1250 3065 1370 3106; x_wconf 76' lang='lat' dir='ltr'><em>ritanus</em></span> <span class='ocrx_word' id='word_1_165' title='bbox 1393 3059 1486 3124; x_wconf 84' lang='lat' dir='ltr'><em>super</em></span> 
     </span>
     <span class='ocr_line' id='line_1_23' title="bbox 370 3152 1486 3248; baseline -0.006 -28"><span class='ocrx_word' id='word_1_166' title='bbox 370 3167 482 3242; x_wconf 74' lang='lat' dir='ltr'><em>eaput,</em></span> <span class='ocrx_word' id='word_1_167' title='bbox 505 3182 565 3222; x_wconf 86' lang='lat' dir='ltr'><em>nee</em></span> <span class='ocrx_word' id='word_1_168' title='bbox 585 3160 656 3222; x_wconf 90' lang='lat' dir='ltr'><em>ullo</em></span> <span class='ocrx_word' id='word_1_169' title='bbox 677 3169 773 3225; x_wconf 84' lang='lat' dir='ltr'><em>textu</em></span> <span class='ocrx_word' id='word_1_170' title='bbox 793 3185 834 3225; x_wconf 86' lang='lat' dir='ltr'><em>ex</em></span> <span class='ocrx_word' id='word_1_171' title='bbox 855 3160 1030 3248; x_wconf 87' lang='lat' dir='ltr'><em>seripturis</em></span> <span class='ocrx_word' id='word_1_172' title='bbox 1049 3167 1105 3224; x_wconf 87' lang='lat' dir='ltr'><em>aut</em></span> <span class='ocrx_word' id='word_1_173' title='bbox 1128 3157 1286 3222; x_wconf 86' lang='lat' dir='ltr'><em>Patribus</em></span> <span class='ocrx_word' id='word_1_174' title='bbox 1306 3162 1364 3218; x_wconf 89' lang='lat' dir='ltr'><em>aut</em></span> <span class='ocrx_word' id='word_1_175' title='bbox 1383 3152 1486 3218; x_wconf 87' lang='lat' dir='ltr'><em>conci-</em></span> 
     </span>
     <span class='ocr_line' id='line_1_24' title="bbox 371 3271 1487 3361; baseline -0.006 -27"><span class='ocrx_word' id='word_1_176' title='bbox 371 3271 425 3334; x_wconf 89' lang='lat' dir='ltr'><em>liis</em></span> <span class='ocrx_word' id='word_1_177' title='bbox 446 3273 712 3351; x_wconf 81' lang='lat' dir='ltr'><em>demonstratur,</em></span> <span class='ocrx_word' id='word_1_178' title='bbox 736 3276 777 3338; x_wconf 89' lang='lat' dir='ltr'><em>ad</em></span> <span class='ocrx_word' id='word_1_179' title='bbox 800 3277 1006 3338; x_wconf 82' lang='lat' dir='ltr'><em>validitatem</em></span> <span class='ocrx_word' id='word_1_180' title='bbox 1031 3273 1156 3361; x_wconf 86' lang='lat' dir='ltr'><em>requiri</em></span> <span class='ocrx_word' id='word_1_181' title='bbox 1185 3279 1313 3336; x_wconf 87' lang='lat' dir='ltr'><em>tactum</em></span> <span class='ocrx_word' id='word_1_182' title='bbox 1338 3291 1487 3355; x_wconf 85' lang='lat' dir='ltr'><em>corpora-</em></span> 
     </span>
    </p>
   </div>
   <div class='ocr_carea' id='block_1_4' title="bbox 372 3378 1486 3476">
    <p class='ocr_par' dir='ltr' id='par_1_6' title="bbox 372 3378 1486 3476">
     <span class='ocr_line' id='line_1_25' title="bbox 372 3378 1486 3476; baseline -0.006 -28"><span class='ocrx_word' id='word_1_183' title='bbox 372 3386 454 3460; x_wconf 73' lang='lat' dir='ltr'><em>lem:</em></span> <span class='ocrx_word' id='word_1_184' title='bbox 492 3391 724 3475; x_wconf 85' lang='lat' dir='ltr'><em>supradictum</em></span> <span class='ocrx_word' id='word_1_185' title='bbox 751 3413 824 3476; x_wconf 87' lang='lat' dir='ltr'><em>cap.</em></span> <span class='ocrx_word' id='word_1_186' title='bbox 855 3390 1051 3474; x_wconf 73' lang='lat' dir='ltr'><em>Presbyter,</em></span> <span class='ocrx_word' id='word_1_187' title='bbox 1081 3378 1170 3476; x_wconf 87' lang='lat' dir='ltr'><em>quod</em></span> <span class='ocrx_word' id='word_1_188' title='bbox 1197 3383 1337 3472; x_wconf 88' lang='lat' dir='ltr'><em>requirit</em></span> <span class='ocrx_word' id='word_1_189' title='bbox 1365 3389 1486 3447; x_wconf 84' lang='lat' dir='ltr'><em>tactum</em></span> 
     </span>
    </p>
   </div>
   <div class='ocr_carea' id='block_1_5' title="bbox 373 3492 1488 4162">
    <p class='ocr_par' dir='ltr' id='par_1_7' title="bbox 373 3492 1488 4162">
     <span class='ocr_line' id='line_1_26' title="bbox 373 3492 1487 3592; baseline -0.007 -31"><span class='ocrx_word' id='word_1_190' title='bbox 373 3504 599 3586; x_wconf 76' lang='lat' dir='ltr'><em>corporalem,</em></span> <span class='ocrx_word' id='word_1_191' title='bbox 621 3505 767 3592; x_wconf 83' lang='lat' dir='ltr'><em>intelligi</em></span> <span class='ocrx_word' id='word_1_192' title='bbox 787 3513 900 3590; x_wconf 87' lang='lat' dir='ltr'><em>potest</em></span> <span class='ocrx_word' id='word_1_193' title='bbox 919 3505 960 3568; x_wconf 84' lang='lat' dir='ltr'><em>de</em></span> <span class='ocrx_word' id='word_1_194' title='bbox 976 3513 1155 3590; x_wconf 73' lang='lat' dir='ltr'><em>precepto.</em></span> <span class='ocrx_word' id='word_1_195' title='bbox 1179 3523 1240 3564; x_wconf 87' lang='lat' dir='ltr'><em>nee</em></span> <span class='ocrx_word' id='word_1_196' title='bbox 1260 3498 1412 3585; x_wconf 91' lang='lat' dir='ltr'><em>loquitur</em></span> <span class='ocrx_word' id='word_1_197' title='bbox 1432 3492 1487 3558; x_wconf 83' lang='lat' dir='ltr'><em>nisi</em></span> 
     </span>
     <span class='ocr_line' id='line_1_27' title="bbox 373 3609 1488 3704; baseline -0.004 -28"><span class='ocrx_word' id='word_1_198' title='bbox 373 3613 414 3677; x_wconf 85' lang='lat' dir='ltr'><em>do</em></span> <span class='ocrx_word' id='word_1_199' title='bbox 442 3615 655 3684; x_wconf 88' lang='lat' dir='ltr'><em>institutione</em></span> <span class='ocrx_word' id='word_1_200' title='bbox 684 3620 881 3704; x_wconf 81' lang='lat' dir='ltr'><em>apostoliea,</em></span> <span class='ocrx_word' id='word_1_201' title='bbox 914 3640 981 3682; x_wconf 89' lang='lat' dir='ltr'><em>non</em></span> <span class='ocrx_word' id='word_1_202' title='bbox 1011 3617 1150 3682; x_wconf 89' lang='lat' dir='ltr'><em>Christi.</em></span> <span class='ocrx_word' id='word_1_203' title='bbox 1185 3655 1228 3662; x_wconf 90' lang='lat'><em>—-</em></span> <span class='ocrx_word' id='word_1_204' title='bbox 1253 3614 1395 3698; x_wconf 89' lang='lat' dir='ltr'><em>Insuper</em></span> <span class='ocrx_word' id='word_1_205' title='bbox 1426 3609 1488 3671; x_wconf 78' lang='lat' dir='ltr'><em>hae</em></span> 
     </span>
     <span class='ocr_line' id='line_1_28' title="bbox 373 3723 1488 3822; baseline -0.008 -30"><span class='ocrx_word' id='word_1_206' title='bbox 373 3729 543 3818; x_wconf 86' lang='lat' dir='ltr'><em>impositio</em></span> <span class='ocrx_word' id='word_1_207' title='bbox 569 3757 729 3798; x_wconf 85' lang='lat' dir='ltr'><em>manuum</em></span> <span class='ocrx_word' id='word_1_208' title='bbox 758 3733 900 3822; x_wconf 68' lang='lat' dir='ltr'><em>mystice</em></span> <span class='ocrx_word' id='word_1_209' title='bbox 921 3733 1090 3818; x_wconf 86' lang='lat' dir='ltr'><em>significat</em></span> <span class='ocrx_word' id='word_1_210' title='bbox 1113 3730 1227 3815; x_wconf 80' lang='lat' dir='ltr'><em>(juxta</em></span> <span class='ocrx_word' id='word_1_211' title='bbox 1257 3723 1488 3791; x_wconf 89' lang='lat' dir='ltr'><em>Pseudo-Dio-</em></span> 
     </span>
     <span class='ocr_line' id='line_1_29' title="bbox 373 3839 1487 3936; baseline -0.013 -26"><span class='ocrx_word' id='word_1_212' title='bbox 373 3849 541 3934; x_wconf 73' lang='lat' dir='ltr'><em>nysium³,</em></span> <span class='ocrx_word' id='word_1_213' title='bbox 564 3872 665 3936; x_wconf 86' lang='lat' dir='ltr'><em>quem</em></span> <span class='ocrx_word' id='word_1_214' title='bbox 690 3871 807 3912; x_wconf 89' lang='lat' dir='ltr'><em>omnes</em></span> <span class='ocrx_word' id='word_1_215' title='bbox 828 3847 1031 3936; x_wconf 83' lang='lat' dir='ltr'><em>sequuntur)</em></span> <span class='ocrx_word' id='word_1_216' title='bbox 1051 3851 1123 3909; x_wconf 88' lang='lat' dir='ltr'><em>tum</em></span> <span class='ocrx_word' id='word_1_217' title='bbox 1144 3843 1310 3906; x_wconf 77' lang='lat' dir='ltr'><em>intlusum</em></span> <span class='ocrx_word' id='word_1_218' title='bbox 1329 3839 1487 3904; x_wconf 89' lang='lat' dir='ltr'><em>donorum</em></span> 
     </span>
     <span class='ocr_line' id='line_1_30' title="bbox 373 3951 1487 4050; baseline -0.013 -24"><span class='ocrx_word' id='word_1_219' title='bbox 373 3963 693 4050; x_wconf 86' lang='lat' dir='ltr'><em>supernaturalium,</em></span> <span class='ocrx_word' id='word_1_220' title='bbox 717 3971 788 4028; x_wconf 91' lang='lat' dir='ltr'><em>tum</em></span> <span class='ocrx_word' id='word_1_221' title='bbox 809 3961 1073 4050; x_wconf 86' lang='lat' dir='ltr'><em>protectionem,</em></span> <span class='ocrx_word' id='word_1_222' title='bbox 1096 3981 1162 4045; x_wconf 89' lang='lat' dir='ltr'><em>qua</em></span> <span class='ocrx_word' id='word_1_223' title='bbox 1184 3957 1275 4021; x_wconf 89' lang='lat' dir='ltr'><em>Deus</em></span> <span class='ocrx_word' id='word_1_224' title='bbox 1290 3963 1324 4019; x_wconf 93' lang='lat' dir='ltr'><em>et</em></span> <span class='ocrx_word' id='word_1_225' title='bbox 1344 3951 1487 4040; x_wconf 79' lang='lat' dir='ltr'><em>pontifex</em></span> 
     </span>
     <span class='ocr_line' id='line_1_31' title="bbox 373 4065 1488 4162; baseline -0.013 -22"><span class='ocrx_word' id='word_1_226' title='bbox 373 4077 579 4140; x_wconf 87' lang='lat' dir='ltr'><em>ordinandos</em></span> <span class='ocrx_word' id='word_1_227' title='bbox 595 4083 714 4162; x_wconf 78' lang='lat' dir='ltr'><em>tegunt</em></span> <span class='ocrx_word' id='word_1_228' title='bbox 735 4084 767 4140; x_wconf 89' lang='lat' dir='ltr'><em>et</em></span> <span class='ocrx_word' id='word_1_229' title='bbox 788 4075 917 4155; x_wconf 80' lang='lat' dir='ltr'><em>fovent,</em></span> <span class='ocrx_word' id='word_1_230' title='bbox 940 4097 1065 4161; x_wconf 89' lang='lat' dir='ltr'><em>eosque</em></span> <span class='ocrx_word' id='word_1_231' title='bbox 1086 4081 1225 4137; x_wconf 89' lang='lat' dir='ltr'><em>tuentur</em></span> <span class='ocrx_word' id='word_1_232' title='bbox 1249 4077 1366 4134; x_wconf 89' lang='lat' dir='ltr'><em>eontra</em></span> <span class='ocrx_word' id='word_1_233' title='bbox 1389 4065 1488 4129; x_wconf 83' lang='lat' dir='ltr'><em>hosti-</em></span> 
     </span>
    </p>
   </div>
   <div class='ocr_carea' id='block_1_6' title="bbox 405 4235 1361 4376">
    <p class='ocr_par' dir='ltr' id='par_1_8' title="bbox 405 4235 1361 4376">
     <span class='ocr_line' id='line_1_32' title="bbox 405 4235 1309 4296; baseline -0.008 -11"><span class='ocrx_word' id='word_1_234' title='bbox 405 4240 413 4272; x_wconf 86' lang='lat'>¹</span> <span class='ocrx_word' id='word_1_235' title='bbox 433 4239 504 4286; x_wconf 88' lang='lat' dir='ltr'><em>Part.</em></span> <span class='ocrx_word' id='word_1_236' title='bbox 523 4239 545 4286; x_wconf 93' lang='lat' dir='ltr'><em>ll</em></span> <span class='ocrx_word' id='word_1_237' title='bbox 556 4277 560 4291; x_wconf 86' lang='grc'>,</span> <span class='ocrx_word' id='word_1_238' title='bbox 578 4243 643 4288; x_wconf 85' lang='lat' dir='ltr'><em>sect.</em></span> <span class='ocrx_word' id='word_1_239' title='bbox 662 4255 691 4290; x_wconf 88' lang='grc' dir='ltr'><em>ιι,</em></span> <span class='ocrx_word' id='word_1_240' title='bbox 709 4255 731 4287; x_wconf 83' lang='lat' dir='ltr'><em>e.</em></span> <span class='ocrx_word' id='word_1_241' title='bbox 749 4255 778 4291; x_wconf 81' lang='grc' dir='ltr'><em>ιι,</em></span> <span class='ocrx_word' id='word_1_242' title='bbox 796 4243 845 4286; x_wconf 85' lang='lat' dir='ltr'><em>art.</em></span> <span class='ocrx_word' id='word_1_243' title='bbox 863 4243 889 4286; x_wconf 84' lang='lat'><em>1.</em></span> <span class='ocrx_word' id='word_1_244' title='bbox 907 4253 932 4286; x_wconf 91' lang='lat' dir='ltr'><em>n.</em></span> <span class='ocrx_word' id='word_1_245' title='bbox 950 4243 992 4286; x_wconf 81' lang='grc'><em>53,</em></span> <span class='ocrx_word' id='word_1_246' title='bbox 1009 4237 1050 4282; x_wconf 84' lang='lat' dir='ltr'><em>ed.</em></span> <span class='ocrx_word' id='word_1_247' title='bbox 1069 4235 1171 4296; x_wconf 76' lang='lat' dir='ltr'><em>Migne.</em></span> <span class='ocrx_word' id='word_1_248' title='bbox 1188 4235 1239 4282; x_wconf 89' lang='lat' dir='ltr'><em>col.</em></span> <span class='ocrx_word' id='word_1_249' title='bbox 1257 4237 1309 4279; x_wconf 77' lang='lat'>769.</span> 
     </span>
     <span class='ocr_line' id='line_1_33' title="bbox 405 4311 1361 4376; baseline -0.009 -13"><span class='ocrx_word' id='word_1_250' title='bbox 405 4318 415 4351; x_wconf 83' lang='lat'><em>²</em></span> <span class='ocrx_word' id='word_1_251' title='bbox 433 4317 469 4363; x_wconf 83' lang='lat' dir='ltr'><em>tte</em></span> <span class='ocrx_word' id='word_1_252' title='bbox 485 4316 552 4366; x_wconf 81' lang='lat' dir='ltr'><em>hier.</em></span> <span class='ocrx_word' id='word_1_253' title='bbox 569 4317 644 4366; x_wconf 82' lang='lat' dir='ltr'><em>eccl..</em></span> <span class='ocrx_word' id='word_1_254' title='bbox 660 4334 683 4366; x_wconf 84' lang='lat' dir='ltr'><em>c.</em></span> <span class='ocrx_word' id='word_1_255' title='bbox 700 4333 725 4376; x_wconf 80' lang='lat' dir='ltr'><em>v,</em></span> <span class='ocrx_word' id='word_1_256' title='bbox 741 4321 791 4366; x_wconf 83' lang='lat' dir='ltr'><em>nrt.</em></span> <span class='ocrx_word' id='word_1_257' title='bbox 809 4325 835 4366; x_wconf 78' lang='grc'><em>3.</em></span> <span class='ocrx_word' id='word_1_258' title='bbox 852 4321 863 4374; x_wconf 67' lang='grc' dir='ltr'><strong>ξ</strong></span> <span class='ocrx_word' id='word_1_259' title='bbox 879 4323 906 4374; x_wconf 80' lang='grc'><em>3;</em></span> <span class='ocrx_word' id='word_1_260' title='bbox 923 4316 1026 4376; x_wconf 73' lang='lat' dir='ltr'><em>Migne,</em></span> <span class='ocrx_word' id='word_1_261' title='bbox 1044 4315 1072 4360; x_wconf 81' lang='grc' dir='ltr'><em>Ρ.</em></span> <span class='ocrx_word' id='word_1_262' title='bbox 1090 4314 1130 4368; x_wconf 80' lang='lat' dir='ltr'><em>G..</em></span> <span class='ocrx_word' id='word_1_263' title='bbox 1148 4319 1166 4360; x_wconf 89' lang='lat' dir='ltr'><em>t.</em></span> <span class='ocrx_word' id='word_1_264' title='bbox 1184 4328 1223 4370; x_wconf 87' lang='grc' dir='ltr'>ιιι,</span> <span class='ocrx_word' id='word_1_265' title='bbox 1240 4311 1290 4358; x_wconf 82' lang='lat' dir='ltr'><em>rol.</em></span> <span class='ocrx_word' id='word_1_266' title='bbox 1308 4313 1361 4355; x_wconf 80' lang='grc'>511.</span> 
     </span>
    </p>
   </div>
   <div class='ocr_carea' id='block_1_7' title="bbox 0 0 1648 5052">
    <p class='ocr_par' dir='ltr' id='par_1_9' title="bbox 0 0 1648 5052">
     <span class='ocr_line' id='line_1_34' title="bbox 0 0 1648 5052; baseline 0 0"><span class='ocrx_word' id='word_1_267' title='bbox 0 0 1648 5052; x_wconf 95' lang='lat' dir='ltr'><em> </em></span> 
     </span>
    </p>
   </div>
  </div>
 </body>
</html>
