3248 5052
649 529 849 582 DOCUMENTA
1259 531 1310 581 62⁴1

186 682 217 735 et
231 674 437 755 eleemosynis
453 696 470 734 a
485 674 544 754 piis
560 673 676 734 Christi
692 673 836 734 fidelibus
851 672 1036 752 elargiendis
1058 675 1224 738 sustentari
1241 695 1312 755 pos-

186 771 264 844 sint,
287 777 319 831 et
338 771 376 830 ab
402 771 509 830 eadem
530 771 659 830 ecelesia
681 769 767 829 nullo
788 790 925 850 unquam
946 777 1085 849 tempore
1106 771 1241 830 amoveri
1263 771 1311 831 vel

185 867 242 946 ipsi
257 866 400 926 recedere
415 873 583 948 nequeant,
598 866 656 925 nisi
670 866 761 926 aliter
773 866 817 925 eis
830 865 990 945 provisum
1005 866 1115 940 luerit;
1128 887 1191 947 quo
1206 867 1310 938 titul0,

186 971 220 1022 ut
236 963 299 1023 suis
319 963 439 1022 clericis
459 983 562 1022 sacros
578 961 702 1022 ordines
722 960 878 1022 conterret
897 983 922 1022 s.
938 979 982 1020 m.
1001 961 1122 1021 Sixtum
1139 963 1166 1018 V
1183 963 1313 1042 patriar-

185 1059 252 1120 chae
267 1059 471 1119 Venetiarum
487 1057 652 1118 indulsisse
667 1064 791 1118 constat
803 1059 823 1117 ¹.

224 1157 254 1214 6.
270 1155 413 1236 Denique
427 1155 536 1214 titulus
553 1153 723 1230 missionis,
740 1153 855 1234 dequo
871 1153 1065 1233 potissimum
1078 1154 1128 1214 hic
1139 1174 1240 1214 sermo
1253 1162 1310 1225 est,

185 1251 401 1330 praetermissis
424 1251 524 1311 titulis
545 1249 748 1332 sufficientia
771 1257 802 1310 et
823 1249 954 1330 colleqii
986 1255 1083 1329 (quos
1112 1257 1220 1330 utpote
1243 1273 1312 1310 raro

185 1356 384 1408 occurrentes
399 1355 521 1408 tantum
541 1367 802 1406 commemorasse
820 1353 867 1406 sat
882 1347 959 1420 erit)
975 1346 1115 1406 adbiberi
1131 1347 1310 1418 consuevit,

185 1464 255 1504 curn
272 1443 350 1504 alius
366 1443 524 1523 legitimus
540 1443 651 1502 titulus
665 1443 749 1502 haud
765 1442 918 1522 suppetit,
936 1463 992 1522 pro
1013 1443 1050 1502 iis
1069 1444 1121 1524 qui
1143 1441 1313 1522 majoribus

185 1539 346 1600 ordinibus
365 1540 480 1600 initiari
500 1540 647 1620 cupiunt,
664 1545 699 1598 ut
719 1539 960 1619 apostolicarum
982 1539 1163 1598 missionum
1185 1539 1313 1598 servitio

185 1657 252 1696 sese
267 1636 454 1696 devoveant.
474 1636 508 1695 ld
525 1643 628 1696 autem
650 1656 732 1715 saepe
751 1636 905 1715 contingit
919 1636 950 1694 in
969 1636 1045 1694 locis
1066 1636 1263 1704 missionum,
1281 1637 1311 1696 in

185 1732 298 1813 quibus
319 1754 354 1792 ea
374 1740 421 1792 est
440 1753 544 1792 rerum
565 1732 723 1806 condicio,
746 1739 780 1791 ut
800 1752 965 1791 commune
981 1732 1127 1792 Ecclesiae
1144 1733 1213 1813 jus,
1231 1733 1312 1792 circa
1386 1791 1388 1798 ,

185 1849 221 1888 ea
243 1849 313 1910 quae
335 1828 373 1890 ad
399 1829 648 1909 praerequisitam
674 1847 730 1908 pro
756 1849 842 1887 sacra
869 1828 1065 1888 ordinatione
1092 1829 1217 1888 titulum
1243 1823 1313 1908 spc-

185 1931 288 1998 ctant,
310 1925 427 1985 servari
450 1925 637 1985 adamussim
661 1931 806 2004 nequeat.
832 1924 891 1992 Qui
917 1945 990 1984 vero
1015 1923 1194 2005 hujusmodi
1221 1926 1313 1984 titulo
1384 1925 1387 1932 '

185 2020 320 2080 ordinati
336 2028 424 2092 sunt,
441 2021 462 2080 ii
479 2041 516 2080 ex
531 2021 704 2101 apostolico
719 2019 893 2080 ministerio
909 2020 939 2078 in
956 2021 1103 2080 missione
1120 2021 1169 2080 cui
1186 2021 1311 2080 suerunt

185 2116 316 2190 addicti,
334 2117 372 2176 ad
390 2118 506 2177 victum
523 2117 695 2177 necessaria
711 2123 957 2196 consequuntur.

225 2217 254 2274 7.
272 2213 333 2272 Sed
349 2213 544 2293 exploratum
565 2220 612 2272 est
632 2213 812 2274 Ordinarios
832 2213 951 2273 clericis
966 2214 1057 2273 titulo
1077 2215 1232 2274 missionis
1249 2236 1311 2274 non

186 2329 276 2388 posse
305 2330 462 2368 sacrarum
490 2309 722 2369 ordinationum
748 2330 878 2369 munera
904 2309 1072 2390 impertiri,
1103 2311 1160 2368 nisi
1187 2311 1312 2390 speciali

186 2405 217 2464 S.
234 2405 322 2464 Sedis
335 2404 457 2465 indulto
470 2405 583 2464 muniti
600 2405 679 2478 sint;
695 2405 798 2484 agitur
812 2405 894 2464 enim
908 2405 946 2464 de
962 2405 1053 2465 titulo
1067 2407 1313 2466 extraordinario

185 2501 238 2582 qui
261 2509 374 2581 praeter
393 2501 446 2582 jus
473 2522 638 2561 commune
666 2501 824 2561 adhibitus
850 2501 920 2563 luit.
945 2501 1034 2570 Quod
1059 2502 1184 2582 quidem
1213 2503 1313 2562 indul-

187 2605 251 2656 tum
281 2597 495 2677 superioribus
516 2597 698 2658 missionum
719 2605 773 2657 aut
797 2597 999 2676 collegiorum
1020 2619 1074 2658 seu
1098 2599 1313 2678 congregatio-

186 2714 259 2753 num
275 2713 345 2772 quae
366 2693 565 2753 missionibus
583 2694 773 2767 inserviunt,
791 2693 839 2753 vel
856 2693 894 2754 ad
911 2703 1030 2754 certum
1052 2703 1191 2774 tempuS,
1208 2696 1257 2754 vel
1274 2697 1311 2755 ad

185 2789 345 2868 praefixum
368 2811 495 2849 casuum
524 2809 687 2849 numerum
712 2789 841 2849 concedi
866 2790 960 2850 valet.
985 2790 1183 2853 Meminerint
1209 2799 1311 2850 autem

185 2885 361 2964 superiores
381 2906 417 2945 eo
438 2907 529 2965 parce
550 2885 700 2946 utendum
721 2885 779 2945 sibi
799 2904 885 2958 esse;
906 2907 1006 2966 neque
1027 2887 1108 2945 enim
1130 2888 1221 2946 titulo
1241 2888 1313 2946 mis-

185 2981 281 3041 sionis
309 3003 416 3040 omnes
446 2982 564 3062 absque
589 2981 711 3042 delectu
740 2982 835 3042 sacris
862 2989 953 3041 erunt
978 2983 1141 3042 ordinibus
1169 2983 1311 3043 initiandi

184 3077 301 3151 clerici,
316 3079 369 3158 qui
385 3077 423 3137 ad
438 3078 619 3138 missionum
636 3077 824 3138 curriculum
841 3078 1011 3138 ineundum
1029 3087 1199 3160 utcumque
1210 3079 1313 3158 dispo-

185 3174 235 3234 siti
256 3173 431 3234 videantur.
449 3174 480 3232 Si
496 3173 595 3246 enim,
608 3173 699 3254 juxta
715 3174 747 3234 S.
767 3174 854 3233 Pauli
873 3175 1042 3248 monitum,
1067 3196 1176 3234 manus
1197 3176 1311 3235 nemini

184 3271 247 3330 cito
263 3270 471 3350 imponendae,
488 3269 520 3328 id
534 3270 731 3349 potissimum
743 3269 827 3329 velet
841 3291 911 3329 cum
924 3292 1024 3330 sermo
1040 3279 1086 3330 est
1101 3271 1139 3330 de
1157 3272 1193 3330 iis
1211 3272 1263 3352 qui
1281 3271 1311 3330 in

185 3366 317 3426 arduum
334 3366 496 3446 apostolici
513 3366 675 3425 ministerii
691 3385 770 3444 opus
786 3373 997 3428 assumuntur.
1015 3367 1116 3435 Quare
1135 3369 1184 3428 bic
1202 3367 1312 3428 titulus

185 3461 379 3521 adhibendus
399 3462 458 3520 erit
476 3462 507 3520 in
528 3483 635 3520 eorum
656 3462 820 3521 dumtaxat
841 3463 996 3534 savorem,
1019 3464 1072 3544 qui
1092 3464 1187 3523 animi
1206 3464 1310 3523 indole

184 3566 215 3618 et
230 3557 400 3628 docilitate,
418 3558 600 3617 intentionis
616 3557 814 3630 rectitudine,
831 3559 1006 3638 aptitudine
1023 3560 1149 3638 ingenii,
1168 3561 1309 3640 prosectu

184 3653 215 3712 in
231 3654 326 3714 sacris
341 3653 463 3723 studiis,
480 3675 602 3714 morum
618 3654 809 3733 integritate,
824 3675 860 3714 ac
874 3675 977 3714 rerum
992 3655 1219 3716 mundanarum
1235 3677 1310 3716 con-

184 3757 321 3829 temptu,
340 3771 426 3829 spem
447 3749 562 3810 saciant
582 3771 648 3808 sese
668 3757 811 3810 strenuos
831 3749 953 3810 futuros
974 3751 1040 3810 lore
1060 3752 1212 3830 evangelii
1233 3773 1310 3832 prm-

184 3865 295 3920 cones;
325 3867 418 3926 super
444 3866 507 3926 quo
533 3844 712 3905 eorumdem
738 3846 932 3924 superiorum
958 3848 1147 3908 conscientia
1170 3848 1309 3908 districte

184 3949 342 4002 oneratur.
1066 3947 1074 3972 ⁸

225 4039 253 4098 8.
272 4037 342 4096 Non
362 4059 450 4098 secus
471 4058 506 4097 ac
526 4037 654 4097 alummi
674 4036 876 4116 collegiorum
899 4039 1145 4117 pontificiorum,
1162 4041 1181 4098 ii
1202 4061 1309 4100 omnes

184 4133 237 4214 qui
267 4134 359 4193 titulo
386 4134 542 4192 missionis
566 4133 647 4193 inter
674 4155 776 4194 sacros
803 4135 962 4212 ministros
994 4137 1133 4215 cooptari
1161 4137 1307 4216 cupiunt,

216 4269 224 4302 ¹
243 4269 402 4332 Campanil..
418 4269 547 4318 Diuersor
556 4269 616 4334 jur.
629 4285 735 4327 canon„
752 4247 826 4318 rubr.
839 4270 916 4329 Vlll,
929 4286 988 4334 cap.
1001 4287 1036 4326 iv,
1052 4287 1076 4319 n.
1092 4277 1131 4323 rt.
1148 4277 1175 4321 et
1189 4273 1307 4324 Garoias.

187 4347 223 4396 De
237 4346 338 4409 benef..
355 4355 425 4410 part.
443 4348 480 4404 ll,
497 4363 555 4410 cap.
572 4363 630 4409 xvi,
647 4363 673 4398 n.
689 4353 728 4396 96.
