3316 5052
412 504 456 554 DE
476 503 738 564 PRAEREQUlSlTlS
756 502 800 554 lu
820 502 1072 554 ORDINATIONEM
1253 499 1304 552 353

182 647 280 726 Fide,
303 647 476 712 licentiam
496 647 619 712 clerico
639 646 788 712 tribuere
806 645 916 734 possit
939 646 981 710 ad
1008 645 1109 710 aliam
1133 645 1305 710 dioecesim

180 759 237 824 vel
257 760 556 847 congregationem
575 759 771 848 religiosam
790 758 1010 838 transeundi,
1037 777 1141 824 nam:
1169 761 1200 826 l.
1221 758 1306 824 Uni-

182 879 234 937 tas
249 873 435 960 juramenti
454 873 594 960 ejusque
615 873 703 952 finis,
725 871 926 960 providendi
953 893 1075 959 nempe
1098 870 1187 936 bono
1207 871 1306 958 spiri-

182 985 266 1050 tuali
292 986 512 1068 missionum,
534 985 712 1074 postulant
738 993 776 1050 ut
803 985 876 1050 hece
901 983 1004 1049 verba
1034 985 1156 1071 prioris
1181 986 1303 1071 partis,

181 1101 252 1164 sinc
284 1100 420 1184 speciali
457 1099 553 1164 Sedis
585 1100 773 1184 apostolicae
813 1099 962 1180 licentia,
998 1098 1211 1186 applicentur
1243 1100 1307 1164 toti

178 1213 390 1300 juramento,
414 1252 459 1262 -
485 1213 517 1278 2.
539 1212 641 1278 Sacra
662 1212 788 1298 Congr.
816 1211 858 1276 de
878 1212 980 1299 Prop.
1010 1211 1092 1277 Fide
1111 1219 1308 1277 constanter

179 1326 413 1412 juramentum
450 1326 649 1414 praedictum
683 1325 905 1413 interpretata
939 1331 992 1390 est
1023 1325 1059 1389 in
1090 1324 1155 1390 hoc
1185 1349 1304 1408 sensu,

183 1464 217 1505 v.
240 1465 287 1526 g.,
310 1440 345 1504 in
361 1440 417 1504 cit.
441 1441 685 1522 Instructionc,
708 1461 743 1502 n.
772 1439 834 1504 13:
859 1465 875 1498 (ι
903 1436 968 1516 Qui
992 1437 1092 1503 titulo
1120 1447 1219 1504 eertae
1246 1439 1308 1504 ali-

183 1553 281 1640 cujus
300 1552 472 1617 missionis
492 1553 535 1617 ad
557 1551 805 1617 ecclesiasticos
829 1551 966 1616 ordines
985 1551 1228 1634 ascenderunt,
1250 1551 1309 1617 ubi

184 1665 388 1731 missionarii
413 1665 562 1730 ollicium
586 1665 792 1746 dimiserint,
815 1663 934 1752 procul
957 1663 1060 1728 dubio
1084 1688 1184 1729 suum
1209 1667 1309 1732 amit-

183 1786 261 1844 tunt
289 1779 443 1858 titulum,
475 1801 513 1843 ae
544 1779 585 1842 de
614 1779 679 1842 alio
704 1776 769 1841 sibi
796 1776 974 1864 providere
1003 1776 1144 1858 debent3
1175 1780 1204 1842 si
1234 1801 1310 1844 vero

184 1893 326 1958 alterius
347 1893 513 1957 missionis
534 1893 669 1956 seruitio
696 1893 914 1976 deputentur,
943 1898 980 1954 nt
1008 1892 1115 1977 hujus
1143 1892 1310 1957 missionis

186 2007 327 2071 titulum
356 2015 546 2088 assumant,
579 2027 661 2068 nova
693 2027 776 2089 opus
800 2005 866 2068 crit
889 2002 925 2068 S.
959 2003 1055 2068 Sedis
1085 2005 1311 2088 concessionc;

185 2120 407 2207 nequeenim
438 2119 486 2183 eis
511 2119 715 2205 suffragatur
745 2116 902 2197 facultas
932 2117 960 2181 si
994 2140 1096 2204 quam
1126 2116 1312 2183 obtinuerit

185 2233 260 2319 ejus
287 2231 458 2296 missionis
479 2230 695 2314 OrdinariuS,
719 2236 904 2296 memorato
931 2230 1031 2295 titulo
1056 2230 1197 2296 clericos
1221 2232 1310 2296 ordi-

185 2345 306 2426 nandi;
344 2372 359 2406 a
396 2346 443 2410 ita
476 2345 578 2410 etiam
612 2345 647 2408 in
681 2344 979 2430 Responsionibus,
1021 2344 1039 2407 l
1081 2343 1165 2410 febr.
1206 2344 1310 2428 1873,

186 2459 268 2524 adl
290 2461 397 2524 etat

230 2597 258 2638 c.
282 2572 343 2654 Ut,
370 2573 472 2637 etiam
500 2573 528 2636 si
554 2570 765 2658 ingrediatur
791 2571 939 2658 aliquem
965 2569 1128 2636 Ordinem
1154 2580 1213 2636 aut
1232 2595 1312 2636 con-

186 2686 421 2774 gregationem
448 2684 641 2773 regularem
661 2707 738 2749 cum
762 2683 899 2749 licentia
923 2683 959 2749 S.
986 2683 1101 2766 Sedis,
1119 2707 1186 2770 pro
1204 2686 1313 2750 salute

185 2799 382 2862 animarum
415 2797 566 2862 laborem
584 2817 686 2860 suum
718 2796 891 2880 impendat
923 2795 956 2860 in
985 2796 1115 2860 dioecesi
1145 2820 1203 2862 scu
1228 2799 1314 2862 vica-

187 2912 296 2996 riatu,
327 2911 371 2974 ad
399 2911 500 2996 cnjus
534 2909 674 2974 titulum
702 2917 751 2972 est
781 2909 971 2973 ordinatus.
993 2907 1202 2975 —Constat
1230 2910 1314 2999 ipsis

182 3025 367 3114 juramenti
393 3023 532 3089 verbis:
563 3024 777 3108 quodetiam
801 3025 988 3108 praestabO,
1020 3032 1085 3088 etc.
1119 3025 1217 3090 Unde
1245 3048 1313 3090 non

186 3147 300 3227 potest
324 3139 416 3226 (sine
441 3136 686 3224 specialissima
710 3137 746 3203 S.
774 3135 872 3201 Sedis
892 3137 1045 3225 licentia)
1066 3137 1199 3224 ingredi
1219 3138 1315 3204 Ordi-

186 3276 277 3334 nem,
300 3253 420 3340 inquo
440 3274 508 3316 non
528 3252 637 3338 possit
653 3250 838 3338 adimplere
857 3249 944 3318 hanc
964 3251 1017 3315 sui
1032 3251 1220 3338 juramenti
1238 3276 1313 3341 par-

185 3374 269 3448 tem,
291 3367 452 3431 nimirum
473 3365 652 3446 Ordinem,
675 3365 733 3452 qui
760 3387 827 3428 non
847 3371 945 3428 vacet
972 3365 1064 3452 operi
1091 3365 1310 3449 missionum,

186 3486 220 3544 ct
239 3479 377 3568 quidem
396 3480 432 3544 in
451 3480 525 3567 ipso
546 3478 727 3558 territorio,
745 3477 799 3542 cui
819 3477 995 3542 ordinatus
1009 3479 1043 3542 vi
1059 3479 1111 3542 sui
1126 3479 1312 3566 juramenti

185 3594 347 3682 alligatus
384 3599 448 3678 est.
485 3594 535 3658 De
572 3615 639 3680 quo
677 3591 884 3656 attendenda
922 3598 974 3656 est
1011 3591 1082 3656 haec
1120 3593 1310 3660 Declaratio

186 3707 220 3774 S.
244 3707 528 3794 Congrcgationis
543 3706 584 3771 de
605 3705 828 3794 Propaganda
850 3704 953 3769 Fide:
979 3732 994 3766 α
1019 3705 1161 3784 Quodsi
1181 3707 1311 3773 alumni

184 3821 383 3910 religionem
412 3821 560 3908 aliquam
590 3819 721 3906 ingredi
754 3818 941 3894 voluerint,
969 3841 1044 3906 quae
1076 3820 1154 3884 huic
1178 3823 1310 3887 muneri

185 3935 422 4024 (missionum)
453 3935 591 3999 minime
620 3939 734 4014 vacet,
767 3932 839 4014 vel,
873 3933 1094 4020 quantumvis
1122 3937 1305 4018 vacaverit,

183 4057 242 4115 aut
262 4049 377 4116 munia
391 4050 425 4113 in
438 4047 636 4114 fundatione
650 4046 784 4132 collegii
797 4046 992 4133 praescripta
1005 4047 1040 4110 in
1061 4069 1099 4112 ca
1119 4053 1305 4132 exercere²,

216 4229 224 4262 ¹
241 4229 421 4286 Collectanea,
437 4231 499 4286 etc,
516 4243 541 4274 n.
559 4229 627 4286 11⁸0,
644 4225 687 4274 vel
702 4225 773 4288 apud
786 4226 882 4273 Acta...
895 4239 970 4273 conc.
987 4224 1067 4283 sals,
1083 4241 1109 4288 p.
1127 4232 1181 4274 2³10.

215 4305 265 4354 2Si
276 4308 337 4368 quis
352 4307 423 4356 enim
436 4307 561 4354 alumnus
576 4305 689 4368 aliqu'us
704 4304 809 4366 collegii
826 4303 970 4366 pontificii,
987 4304 1020 4352 ad
1040 4305 1229 4367 prasci-ipsum
1248 4304 1308 4353 bul-

291 4419 374 4453 sscns
389 4419 506 4454 onorssr.
547 4462 550 4468 Ι
578 4443 581 4450 .
1131 4401 1163 4452 23
