3316 5052
431 465 475 515 DE
500 465 762 525 PRAEREQUlSl'l'lS
782 465 825 516 AD
845 467 1096 518 ORDlNATlONElll
1277 468 1328 521 305

201 609 315 700 quoad
333 611 492 696 dogmata
511 609 601 688 lidei,
618 609 673 674 vel
692 609 829 696 aliquod
849 610 994 697 speciale
1014 612 1148 698 dogma,
1166 621 1231 678 etc.
1251 615 1328 679 Non

201 748 283 790 vero
306 725 420 812 gravis
443 731 496 788 est
520 723 683 810 obligatio
708 723 899 804 revelandi,
921 725 949 788 si
974 732 1094 810 agatur
1113 727 1153 791 de
1178 751 1213 791 rc
1233 730 1329 815 parvi

203 837 384 919 momenti,
415 861 449 902 v,
476 861 525 924 g.,
560 838 590 900 si
623 836 765 902 clericus
798 859 866 901 non
894 837 994 902 suerit
1023 841 1253 906 confirmatus
1286 882 1330 890 —

203 953 337 1018 Fideles
363 959 479 1017 autem
503 951 657 1016 revelant
683 951 963 1038 impedimentum
991 953 1046 1016 vel
1072 954 1137 1040 ipsi
1162 957 1325 1041 paroch0,

201 1067 256 1132 vel
276 1069 435 1154 episcopo
455 1073 514 1131 aut
532 1065 658 1130 vicario
678 1064 841 1152 generali.

248 1181 282 1246 8⁰
297 1180 530 1246 Publicatione
551 1177 651 1260 lacta,
670 1187 704 1244 et
723 1178 838 1266 elapso
858 1180 972 1267 aliquo
991 1189 1143 1270 tempore
1165 1185 1207 1248 ad
1227 1207 1331 1272 expe-

203 1295 364 1362 ctandum
384 1295 413 1360 si
433 1294 525 1382 quod
544 1291 630 1358 forte
654 1292 825 1358 reveletur
843 1293 1140 1382 impedimentum,
1162 1299 1331 1384 parochus

202 1409 407 1476 transmittit
445 1408 603 1495 episcopo
641 1408 896 1472 attestationem
929 1409 971 1474 de
1004 1417 1140 1497 peracto
1174 1413 1328 1500 negotio,

198 1527 299 1614 juxta
329 1523 501 1589 decretum
527 1521 648 1586 Trid.:
677 1547 693 1581 «
720 1521 763 1586 Et
787 1521 993 1610 (parochus)
1020 1523 1152 1590 litteras
1178 1527 1331 1591 testimo-

203 1639 328 1720 niales,
350 1638 460 1726 ipsam
478 1635 734 1724 inquisitionem
758 1634 880 1701 factam
900 1638 1131 1721 continentes,
1153 1641 1195 1705 ad
1219 1641 1331 1728 ipsum

204 1753 401 1842 episcopum
421 1773 523 1838 quam
542 1749 689 1836 primum
709 1750 930 1816 transmittat.
952 1777 969 1812 »
983 1789 1028 1800 --
1043 1751 1131 1818 Cum
1150 1755 1331 1819 concilium

204 1890 274 1933 non
293 1864 572 1932 determinaverit
591 1871 744 1951 tempuS,
765 1886 825 1952 per
844 1866 936 1952 quod
959 1867 1129 1952 parochus
1153 1875 1331 1955 expectare

205 1980 328 2047 debeat
346 1979 587 2060 revelationes,
609 1978 747 2066 expedit
764 1985 803 2044 ut
826 1979 913 2043 illud
932 1979 1133 2046 determinet
1154 1983 1332 2072 episeopus

206 2095 259 2183 (v.
281 2118 330 2182 g.,
353 2095 439 2159 duos
458 2099 516 2159 aut
535 2099 605 2157 tres
624 2091 728 2180 dies),
751 2093 841 2156 etde
861 2092 923 2159 hoc
938 2101 1142 2160 moneantur
1161 2097 1278 2161 fideles
1298 2097 1331 2161 in

205 2211 279 2297 ipsa
298 2207 540 2296 publicatione.

237 2323 286 2398 ,9ο
301 2323 361 2387 Vis
375 2321 522 2409 juridica
537 2321 776 2410 publicationis
792 2329 902 2387 cessat
922 2345 965 2386 ex
984 2346 1020 2387 se
1035 2324 1109 2410 ipsa
1124 2346 1184 2412 per
1198 2325 1332 2412 lapsum

205 2438 389 2524 temporis;
418 2437 491 2501 ficri
517 2437 607 2502 enim
633 2443 749 2523 potest
774 2443 812 2500 ut
838 2437 1037 2502 decurrente
1064 2445 1216 2526 tempore
1243 2440 1332 2503 ordi-

207 2552 342 2617 nandus
368 2557 478 2616 mutet
504 2573 631 2630 moreS,
659 2557 717 2614 aut
743 2549 1025 2637 impedimentum
1051 2552 1248 2633 contrahat,
1275 2560 1334 2618 aut

206 2689 344 2755 poenam
371 2665 569 2730 canonicam
595 2663 757 2729 incurrat.
787 2663 874 2729 Cum
897 2687 977 2750 ergo
1003 2671 1138 2752 tempus
1166 2665 1254 2730 illud
1276 2665 1334 2752 jus

207 2803 388 2845 commune
412 2801 481 2844 non
506 2778 797 2858 determinaverit,
824 2779 961 2866 expedit
984 2787 1023 2843 ut
1046 2779 1132 2844 illud
1156 2780 1335 2868 episcopus

208 2895 424 2960 determinet.
462 2893 527 2958 Hic
562 2893 702 2958 Parisiis
736 2891 920 2980 publicatio
959 2893 1080 2957 suturae
1113 2894 1335 2959 ordinationis

206 3010 301 3074 valet
323 3031 383 3096 per
405 3031 463 3072 aec
488 3026 634 3090 monaca‚·
658 3007 687 3070 si
711 3029 790 3092 ergo
814 3005 901 3071 infra
925 3005 1010 3071 illud
1034 3013 1170 3094 tempus
1193 3008 1336 3072 clericus

209 3146 277 3188 non
297 3122 462 3210 receperit
486 3121 751 3202 ordinationem,
774 3121 815 3184 de
835 3143 923 3185 novo
943 3119 1147 3208 publicanda
1169 3129 1221 3186 est
1245 3123 1336 3187 ordi-

208 3237 313 3302 natio.
333 3275 376 3286 -
390 3236 537 3323 Tempus
557 3241 670 3299 autem
691 3234 776 3298 illud
789 3257 848 3298 sex
868 3235 1033 3299 mensium
1048 3236 1219 3323 sapienter
1237 3237 1337 3302 insti-

210 3359 323 3417 tutum
343 3357 412 3432 est;
434 3373 511 3414 curn
535 3348 643 3429 enim,
665 3346 723 3412 ubi
747 3353 868 3435 agatur
888 3349 929 3412 de
953 3348 1078 3414 litteris
1101 3344 1336 3415 testimoniali-

210 3465 291 3547 bus,
313 3463 534 3528 commoratio
556 3463 726 3527 semestris
749 3461 784 3524 in
809 3461 883 3526 loco
903 3469 1079 3548 reputetur
1102 3463 1274 3529 sufficiens
1297 3471 1336 3528 ut

210 3577 258 3642 ibi
282 3577 435 3642 contrahi
459 3577 568 3664 possit
591 3575 890 3663 impedimentum,
917 3583 951 3639 et
974 3577 1190 3662 requirantur
1213 3577 1335 3642 littera

211 3691 475 3772 testimonialeS,
502 3697 691 3778 opportune
721 3690 792 3753 hire
816 3689 1053 3754 determinatio
1080 3691 1248 3778 applicata
1273 3689 1336 3755 luit

211 3804 433 3894 publicationi
453 3805 574 3870 futurae
593 3803 828 3868 ordinationis
846 3803 979 3884 Romae,
997 3802 1183 3890 publicatio
1203 3805 1336 3870 ordina·

212 3921 315 3984 tionis
335 3943 402 3984 non
422 3919 513 3984 valet
533 3919 599 3984 nisi
619 3942 679 4007 per
698 3917 922 4006 quadraginta
942 3918 1045 3984 diesl.

246 4117 254 4149 ¹
273 4115 414 4179 Gnsparri.
433 4115 469 4163 lle
484 4114 670 4172 ordinatione,
687 4131 713 4162 n.
729 4119 786 4172 70³,
803 4118 823 4161 t.
841 4129 870 4172 n,
888 4129 913 4174 p.
931 4119 968 4160 26.

325 4375 412 4410 SACM
428 4374 549 4410 ORDlh'AT.
