<?xml version="1.0" encoding="UTF-8"?>
<!DOCTYPE html PUBLIC "-//W3C//DTD XHTML 1.0 Transitional//EN"
    "http://www.w3.org/TR/xhtml1/DTD/xhtml1-transitional.dtd">
<html xmlns="http://www.w3.org/1999/xhtml" xml:lang="en" lang="en">
 <head>
  <title>
</title>
<meta http-equiv="Content-Type" content="text/html;charset=utf-8" />
  <meta name='ocr-system' content='tesseract 3.04.00' />
  <meta name='ocr-capabilities' content='ocr_page ocr_carea ocr_par ocr_line ocrx_word'/>
</head>
<body>
  <div class='ocr_page' id='page_1' title='image "./praelectionesde00manygoog_0226.png"; bbox 0 0 3300 5056; ppageno 0'>
   <div class='ocr_carea' id='block_1_1' title="bbox 528 469 1327 526">
    <p class='ocr_par' dir='ltr' id='par_1_1' title="bbox 528 469 1327 526">
     <span class='ocr_line' id='line_1_1' title="bbox 528 469 1327 526; baseline -0.001 -1"><span class='ocrx_word' id='word_1_1' title='bbox 528 475 572 526; x_wconf 86' lang='lat' dir='ltr'>DE</span> <span class='ocrx_word' id='word_1_2' title='bbox 592 474 751 526; x_wconf 73' lang='lat' dir='ltr'>sumsero</span> <span class='ocrx_word' id='word_1_3' title='bbox 771 471 1007 526; x_wconf 74' lang='lat' dir='ltr'>ORDlNdTlONlS</span> <span class='ocrx_word' id='word_1_4' title='bbox 1275 469 1327 524; x_wconf 77' lang='lat'>213</span> 
     </span>
    </p>
   </div>
   <div class='ocr_carea' id='block_1_2' title="bbox 195 609 1328 3905">
    <p class='ocr_par' dir='ltr' id='par_1_2' title="bbox 198 609 1328 1825">
     <span class='ocr_line' id='line_1_2' title="bbox 203 609 1327 706; baseline -0.001 -24"><span class='ocrx_word' id='word_1_5' title='bbox 203 618 295 682; x_wconf 92' lang='lat' dir='ltr'>enim</span> <span class='ocrx_word' id='word_1_6' title='bbox 313 619 464 683; x_wconf 90' lang='lat' dir='ltr'>nascitur</span> <span class='ocrx_word' id='word_1_7' title='bbox 481 617 657 684; x_wconf 80' lang='lat' dir='ltr'>inclinatio</span> <span class='ocrx_word' id='word_1_8' title='bbox 677 617 766 684; x_wconf 91' lang='lat' dir='ltr'>oculi</span> <span class='ocrx_word' id='word_1_9' title='bbox 785 617 828 682; x_wconf 92' lang='lat' dir='ltr'>ad</span> <span class='ocrx_word' id='word_1_10' title='bbox 842 616 982 706; x_wconf 90' lang='lat' dir='ltr'>pulchra</span> <span class='ocrx_word' id='word_1_11' title='bbox 1002 615 1160 698; x_wconf 88' lang='lat' dir='ltr'>videnda,</span> <span class='ocrx_word' id='word_1_12' title='bbox 1178 615 1269 681; x_wconf 91' lang='lat' dir='ltr'>auris</span> <span class='ocrx_word' id='word_1_13' title='bbox 1284 609 1327 681; x_wconf 85' lang='lat' dir='ltr'>ad</span> 
     </span>
     <span class='ocr_line' id='line_1_3' title="bbox 201 731 1327 819; baseline -0.002 -23"><span class='ocrx_word' id='word_1_14' title='bbox 201 731 384 798; x_wconf 82' lang='lat' dir='ltr'>melodiam</span> <span class='ocrx_word' id='word_1_15' title='bbox 407 731 628 814; x_wconf 89' lang='lat' dir='ltr'>audiendam,</span> <span class='ocrx_word' id='word_1_16' title='bbox 654 732 719 797; x_wconf 92' lang='lat' dir='ltr'>nisi</span> <span class='ocrx_word' id='word_1_17' title='bbox 743 755 785 798; x_wconf 84' lang='lat' dir='ltr'>ex</span> <span class='ocrx_word' id='word_1_18' title='bbox 809 731 1000 819; x_wconf 80' lang='lat' dir='ltr'>aptitudine</span> <span class='ocrx_word' id='word_1_19' title='bbox 1024 752 1244 819; x_wconf 85' lang='lat' dir='ltr'>organorum,</span> <span class='ocrx_word' id='word_1_20' title='bbox 1266 752 1327 794; x_wconf 90' lang='lat' dir='ltr'>seu</span> 
     </span>
     <span class='ocr_line' id='line_1_4' title="bbox 201 844 1327 935; baseline -0.002 -25"><span class='ocrx_word' id='word_1_21' title='bbox 201 869 244 910; x_wconf 87' lang='lat' dir='ltr'>ex</span> <span class='ocrx_word' id='word_1_22' title='bbox 263 847 481 935; x_wconf 86' lang='lat' dir='ltr'>proportione</span> <span class='ocrx_word' id='word_1_23' title='bbox 505 845 595 912; x_wconf 90' lang='lat' dir='ltr'>inter</span> <span class='ocrx_word' id='word_1_24' title='bbox 618 869 744 934; x_wconf 88' lang='lat' dir='ltr'>organa</span> <span class='ocrx_word' id='word_1_25' title='bbox 768 851 803 910; x_wconf 91' lang='lat' dir='ltr'>et</span> <span class='ocrx_word' id='word_1_26' title='bbox 826 844 982 934; x_wconf 81' lang='lat' dir='ltr'>objecta?</span> <span class='ocrx_word' id='word_1_27' title='bbox 1006 845 1050 910; x_wconf 90' lang='lat' dir='ltr'>Et</span> <span class='ocrx_word' id='word_1_28' title='bbox 1073 844 1121 909; x_wconf 90' lang='lat' dir='ltr'>sic</span> <span class='ocrx_word' id='word_1_29' title='bbox 1145 844 1204 932; x_wconf 91' lang='lat' dir='ltr'>qui</span> <span class='ocrx_word' id='word_1_30' title='bbox 1227 850 1327 931; x_wconf 88' lang='lat' dir='ltr'>aptus</span> 
     </span>
     <span class='ocr_line' id='line_1_5' title="bbox 200 957 1327 1049; baseline -0.003 -25"><span class='ocrx_word' id='word_1_31' title='bbox 200 966 254 1024; x_wconf 92' lang='lat' dir='ltr'>est</span> <span class='ocrx_word' id='word_1_32' title='bbox 280 961 323 1026; x_wconf 91' lang='lat' dir='ltr'>ad</span> <span class='ocrx_word' id='word_1_33' title='bbox 348 961 532 1049; x_wconf 87' lang='lat' dir='ltr'>picturam,</span> <span class='ocrx_word' id='word_1_34' title='bbox 561 960 604 1026; x_wconf 89' lang='lat' dir='ltr'>ad</span> <span class='ocrx_word' id='word_1_35' title='bbox 629 959 812 1040; x_wconf 87' lang='lat' dir='ltr'>musicam,</span> <span class='ocrx_word' id='word_1_36' title='bbox 841 967 922 1042; x_wconf 76' lang='lat' dir='ltr'>eto,</span> <span class='ocrx_word' id='word_1_37' title='bbox 950 957 1050 1024; x_wconf 88' lang='lat' dir='ltr'>valde</span> <span class='ocrx_word' id='word_1_38' title='bbox 1077 957 1259 1023; x_wconf 89' lang='lat' dir='ltr'>inclinatur</span> <span class='ocrx_word' id='word_1_39' title='bbox 1284 957 1327 1022; x_wconf 90' lang='lat' dir='ltr'>ad</span> 
     </span>
     <span class='ocr_line' id='line_1_6' title="bbox 199 1071 1327 1162; baseline -0.002 -24"><span class='ocrx_word' id='word_1_40' title='bbox 199 1072 262 1140; x_wconf 91' lang='lat' dir='ltr'>has</span> <span class='ocrx_word' id='word_1_41' title='bbox 288 1083 378 1141; x_wconf 88' lang='lat' dir='ltr'>artes</span> <span class='ocrx_word' id='word_1_42' title='bbox 405 1074 628 1158; x_wconf 89' lang='lat' dir='ltr'>exercendas,</span> <span class='ocrx_word' id='word_1_43' title='bbox 655 1097 839 1162; x_wconf 90' lang='lat' dir='ltr'>earumque</span> <span class='ocrx_word' id='word_1_44' title='bbox 865 1073 1025 1139; x_wconf 87' lang='lat' dir='ltr'>exercitio</span> <span class='ocrx_word' id='word_1_45' title='bbox 1051 1072 1248 1137; x_wconf 85' lang='lat' dir='ltr'>delectatur.</span> <span class='ocrx_word' id='word_1_46' title='bbox 1276 1071 1327 1136; x_wconf 89' lang='lat' dir='ltr'>lta</span> 
     </span>
     <span class='ocr_line' id='line_1_7' title="bbox 199 1186 1324 1277; baseline 0 -25"><span class='ocrx_word' id='word_1_47' title='bbox 199 1211 282 1276; x_wconf 89' lang='lat' dir='ltr'>crgo</span> <span class='ocrx_word' id='word_1_48' title='bbox 301 1189 404 1255; x_wconf 88' lang='lat' dir='ltr'>etiam</span> <span class='ocrx_word' id='word_1_49' title='bbox 419 1188 461 1254; x_wconf 92' lang='lat' dir='ltr'>de</span> <span class='ocrx_word' id='word_1_50' title='bbox 479 1188 533 1254; x_wconf 93' lang='lat' dir='ltr'>his</span> <span class='ocrx_word' id='word_1_51' title='bbox 553 1189 611 1277; x_wconf 93' lang='lat' dir='ltr'>qui</span> <span class='ocrx_word' id='word_1_52' title='bbox 630 1211 709 1254; x_wconf 83' lang='lat' dir='ltr'>vere</span> <span class='ocrx_word' id='word_1_53' title='bbox 729 1187 800 1276; x_wconf 87' lang='lat' dir='ltr'>apti</span> <span class='ocrx_word' id='word_1_54' title='bbox 816 1194 896 1252; x_wconf 93' lang='lat' dir='ltr'>sunt</span> <span class='ocrx_word' id='word_1_55' title='bbox 915 1186 957 1252; x_wconf 91' lang='lat' dir='ltr'>ad</span> <span class='ocrx_word' id='word_1_56' title='bbox 977 1193 1105 1252; x_wconf 89' lang='lat' dir='ltr'>statum</span> <span class='ocrx_word' id='word_1_57' title='bbox 1122 1186 1324 1252; x_wconf 85' lang='lat' dir='ltr'>clericalem.</span> 
     </span>
     <span class='ocr_line' id='line_1_8' title="bbox 198 1299 1328 1390; baseline -0.004 -22"><span class='ocrx_word' id='word_1_58' title='bbox 198 1301 356 1368; x_wconf 89' lang='lat' dir='ltr'>—Unde</span> <span class='ocrx_word' id='word_1_59' title='bbox 375 1303 514 1368; x_wconf 90' lang='lat' dir='ltr'>tandem</span> <span class='ocrx_word' id='word_1_60' title='bbox 533 1301 674 1390; x_wconf 86' lang='lat' dir='ltr'>praefata</span> <span class='ocrx_word' id='word_1_61' title='bbox 694 1302 868 1367; x_wconf 89' lang='lat' dir='ltr'>inclinatio</span> <span class='ocrx_word' id='word_1_62' title='bbox 889 1301 977 1366; x_wconf 88' lang='lat' dir='ltr'>solet</span> <span class='ocrx_word' id='word_1_63' title='bbox 995 1323 1070 1367; x_wconf 90' lang='lat' dir='ltr'>esse</span> <span class='ocrx_word' id='word_1_64' title='bbox 1090 1300 1126 1365; x_wconf 90' lang='lat' dir='ltr'>in</span> <span class='ocrx_word' id='word_1_65' title='bbox 1144 1299 1197 1364; x_wconf 92' lang='lat' dir='ltr'>his</span> <span class='ocrx_word' id='word_1_66' title='bbox 1217 1300 1328 1364; x_wconf 91' lang='lat' dir='ltr'>omni-</span> 
     </span>
     <span class='ocr_line' id='line_1_9' title="bbox 198 1413 1327 1503; baseline -0.004 -23"><span class='ocrx_word' id='word_1_67' title='bbox 198 1414 263 1480; x_wconf 92' lang='lat' dir='ltr'>bus</span> <span class='ocrx_word' id='word_1_68' title='bbox 279 1416 338 1503; x_wconf 92' lang='lat' dir='ltr'>qui</span> <span class='ocrx_word' id='word_1_69' title='bbox 352 1415 515 1482; x_wconf 85' lang='lat' dir='ltr'>divinitus</span> <span class='ocrx_word' id='word_1_70' title='bbox 534 1415 647 1482; x_wconf 88' lang='lat' dir='ltr'>vocati</span> <span class='ocrx_word' id='word_1_71' title='bbox 666 1422 746 1480; x_wconf 92' lang='lat' dir='ltr'>sunt</span> <span class='ocrx_word' id='word_1_72' title='bbox 766 1415 809 1480; x_wconf 91' lang='lat' dir='ltr'>ad</span> <span class='ocrx_word' id='word_1_73' title='bbox 828 1415 917 1480; x_wconf 91' lang='lat' dir='ltr'>hunc</span> <span class='ocrx_word' id='word_1_74' title='bbox 937 1421 1077 1480; x_wconf 90' lang='lat' dir='ltr'>statum.</span> <span class='ocrx_word' id='word_1_75' title='bbox 1100 1413 1137 1480; x_wconf 92' lang='lat' dir='ltr'>Si</span> <span class='ocrx_word' id='word_1_76' title='bbox 1152 1413 1228 1501; x_wconf 93' lang='lat' dir='ltr'>quis</span> <span class='ocrx_word' id='word_1_77' title='bbox 1247 1435 1327 1499; x_wconf 90' lang='lat' dir='ltr'>ergo</span> 
     </span>
     <span class='ocr_line' id='line_1_10' title="bbox 199 1526 1324 1616; baseline -0.002 -22"><span class='ocrx_word' id='word_1_78' title='bbox 199 1529 359 1594; x_wconf 91' lang='lat' dir='ltr'>alumnus</span> <span class='ocrx_word' id='word_1_79' title='bbox 377 1530 474 1596; x_wconf 90' lang='lat' dir='ltr'>nullo</span> <span class='ocrx_word' id='word_1_80' title='bbox 494 1529 595 1595; x_wconf 92' lang='lat' dir='ltr'>modo</span> <span class='ocrx_word' id='word_1_81' title='bbox 619 1528 684 1594; x_wconf 93' lang='lat' dir='ltr'>sibi</span> <span class='ocrx_word' id='word_1_82' title='bbox 708 1529 864 1598; x_wconf 88' lang='lat' dir='ltr'>conscius</span> <span class='ocrx_word' id='word_1_83' title='bbox 889 1528 933 1594; x_wconf 92' lang='lat' dir='ltr'>sit</span> <span class='ocrx_word' id='word_1_84' title='bbox 957 1527 1058 1616; x_wconf 88' lang='lat' dir='ltr'>hujus</span> <span class='ocrx_word' id='word_1_85' title='bbox 1077 1526 1324 1609; x_wconf 88' lang='lat' dir='ltr'>inclinationis,</span> 
     </span>
     <span class='ocr_line' id='line_1_11' title="bbox 198 1642 1327 1734; baseline -0.003 -27"><span class='ocrx_word' id='word_1_86' title='bbox 198 1642 299 1707; x_wconf 90' lang='lat' dir='ltr'>valde</span> <span class='ocrx_word' id='word_1_87' title='bbox 326 1644 391 1732; x_wconf 92' lang='lat' dir='ltr'>ipsi</span> <span class='ocrx_word' id='word_1_88' title='bbox 416 1644 556 1734; x_wconf 91' lang='lat' dir='ltr'>ejusque</span> <span class='ocrx_word' id='word_1_89' title='bbox 583 1643 788 1708; x_wconf 86' lang='lat' dir='ltr'>confessario</span> <span class='ocrx_word' id='word_1_90' title='bbox 812 1643 1002 1710; x_wconf 84' lang='lat' dir='ltr'>timendum</span> <span class='ocrx_word' id='word_1_91' title='bbox 1029 1647 1097 1725; x_wconf 90' lang='lat' dir='ltr'>cst,</span> <span class='ocrx_word' id='word_1_92' title='bbox 1124 1664 1166 1708; x_wconf 90' lang='lat' dir='ltr'>ne</span> <span class='ocrx_word' id='word_1_93' title='bbox 1190 1663 1327 1731; x_wconf 91' lang='lat' dir='ltr'>prorsus</span> 
     </span>
     <span class='ocr_line' id='line_1_12' title="bbox 199 1757 589 1825; baseline 0.008 -3"><span class='ocrx_word' id='word_1_94' title='bbox 199 1757 289 1822; x_wconf 89' lang='lat' dir='ltr'>desit</span> <span class='ocrx_word' id='word_1_95' title='bbox 308 1757 424 1824; x_wconf 89' lang='lat' dir='ltr'>divina</span> <span class='ocrx_word' id='word_1_96' title='bbox 443 1758 589 1825; x_wconf 88' lang='lat' dir='ltr'>vocatio.</span> 
     </span>
    </p>

    <p class='ocr_par' dir='ltr' id='par_1_3' title="bbox 196 1870 1327 2986">
     <span class='ocr_line' id='line_1_13' title="bbox 245 1870 1327 1958; baseline -0.005 -19"><span class='ocrx_word' id='word_1_97' title='bbox 245 1873 285 1939; x_wconf 93' lang='lat' dir='ltr'>C.</span> <span class='ocrx_word' id='word_1_98' title='bbox 317 1871 397 1938; x_wconf 84' lang='lat' dir='ltr'>Haec</span> <span class='ocrx_word' id='word_1_99' title='bbox 429 1872 605 1939; x_wconf 86' lang='lat' dir='ltr'>inclinatio</span> <span class='ocrx_word' id='word_1_100' title='bbox 636 1880 689 1938; x_wconf 90' lang='lat' dir='ltr'>est</span> <span class='ocrx_word' id='word_1_101' title='bbox 719 1895 798 1938; x_wconf 84' lang='lat' dir='ltr'>vere</span> <span class='ocrx_word' id='word_1_102' title='bbox 830 1873 968 1958; x_wconf 68' lang='lat' dir='ltr'>signum</span> <span class='ocrx_word' id='word_1_103' title='bbox 993 1871 1179 1958; x_wconf 77' lang='lat' dir='ltr'>positivum</span> <span class='ocrx_word' id='word_1_104' title='bbox 1207 1870 1327 1935; x_wconf 83' lang='lat' dir='ltr'>divinae</span> 
     </span>
     <span class='ocr_line' id='line_1_14' title="bbox 199 1986 1327 2075; baseline -0.003 -23"><span class='ocrx_word' id='word_1_105' title='bbox 199 1987 397 2072; x_wconf 76' lang='lat' dir='ltr'>vocationis,</span> <span class='ocrx_word' id='word_1_106' title='bbox 419 1993 493 2052; x_wconf 91' lang='lat' dir='ltr'>tum</span> <span class='ocrx_word' id='word_1_107' title='bbox 513 1987 592 2075; x_wconf 92' lang='lat' dir='ltr'>quia</span> <span class='ocrx_word' id='word_1_108' title='bbox 610 1987 812 2075; x_wconf 92' lang='lat' dir='ltr'>plerumque</span> <span class='ocrx_word' id='word_1_109' title='bbox 836 1987 965 2052; x_wconf 91' lang='lat' dir='ltr'>indicat</span> <span class='ocrx_word' id='word_1_110' title='bbox 988 1986 1230 2075; x_wconf 88' lang='lat' dir='ltr'>aptitudinem,</span> <span class='ocrx_word' id='word_1_111' title='bbox 1253 1991 1327 2050; x_wconf 90' lang='lat' dir='ltr'>tum</span> 
     </span>
     <span class='ocr_line' id='line_1_15' title="bbox 198 2100 1327 2190; baseline -0.002 -24"><span class='ocrx_word' id='word_1_112' title='bbox 198 2101 279 2190; x_wconf 90' lang='lat' dir='ltr'>quia</span> <span class='ocrx_word' id='word_1_113' title='bbox 305 2101 476 2188; x_wconf 86' lang='lat' dir='ltr'>significat</span> <span class='ocrx_word' id='word_1_114' title='bbox 499 2101 682 2190; x_wconf 87' lang='lat' dir='ltr'>specialem</span> <span class='ocrx_word' id='word_1_115' title='bbox 705 2101 938 2190; x_wconf 87' lang='lat' dir='ltr'>operationem</span> <span class='ocrx_word' id='word_1_116' title='bbox 963 2100 1042 2182; x_wconf 92' lang='lat' dir='ltr'>Dei,</span> <span class='ocrx_word' id='word_1_117' title='bbox 1069 2123 1135 2190; x_wconf 91' lang='lat' dir='ltr'>qua</span> <span class='ocrx_word' id='word_1_118' title='bbox 1159 2107 1327 2188; x_wconf 69' lang='lat' dir='ltr'>praeparat</span> 
     </span>
     <span class='ocr_line' id='line_1_16' title="bbox 198 2213 1327 2302; baseline -0.001 -22"><span class='ocrx_word' id='word_1_119' title='bbox 198 2215 349 2302; x_wconf 88' lang='lat' dir='ltr'>aliquem</span> <span class='ocrx_word' id='word_1_120' title='bbox 369 2215 412 2280; x_wconf 90' lang='lat' dir='ltr'>ad</span> <span class='ocrx_word' id='word_1_121' title='bbox 431 2216 618 2282; x_wconf 86' lang='lat' dir='ltr'>exercenda</span> <span class='ocrx_word' id='word_1_122' title='bbox 638 2239 716 2281; x_wconf 93' lang='lat' dir='ltr'>cum</span> <span class='ocrx_word' id='word_1_123' title='bbox 735 2215 898 2282; x_wconf 83' lang='lat' dir='ltr'>facilitate</span> <span class='ocrx_word' id='word_1_124' title='bbox 917 2222 951 2281; x_wconf 89' lang='lat' dir='ltr'>et</span> <span class='ocrx_word' id='word_1_125' title='bbox 970 2215 1139 2281; x_wconf 87' lang='lat' dir='ltr'>suavitate</span> <span class='ocrx_word' id='word_1_126' title='bbox 1158 2213 1273 2280; x_wconf 92' lang='lat' dir='ltr'>munia</span> <span class='ocrx_word' id='word_1_127' title='bbox 1293 2221 1327 2279; x_wconf 89' lang='lat' dir='ltr'>et</span> 
     </span>
     <span class='ocr_line' id='line_1_17' title="bbox 197 2328 1326 2419; baseline -0.001 -26"><span class='ocrx_word' id='word_1_128' title='bbox 197 2328 310 2394; x_wconf 87' lang='lat' dir='ltr'>officia</span> <span class='ocrx_word' id='word_1_129' title='bbox 336 2335 445 2394; x_wconf 86' lang='lat' dir='ltr'>status</span> <span class='ocrx_word' id='word_1_130' title='bbox 471 2329 515 2394; x_wconf 91' lang='lat' dir='ltr'>ad</span> <span class='ocrx_word' id='word_1_131' title='bbox 538 2352 641 2419; x_wconf 89' lang='lat' dir='ltr'>quem</span> <span class='ocrx_word' id='word_1_132' title='bbox 665 2329 860 2396; x_wconf 90' lang='lat' dir='ltr'>inclinatur.</span> <span class='ocrx_word' id='word_1_133' title='bbox 887 2329 959 2395; x_wconf 89' lang='lat' dir='ltr'>Nec</span> <span class='ocrx_word' id='word_1_134' title='bbox 985 2329 1048 2394; x_wconf 89' lang='lat' dir='ltr'>hoc</span> <span class='ocrx_word' id='word_1_135' title='bbox 1075 2335 1127 2394; x_wconf 94' lang='lat' dir='ltr'>est</span> <span class='ocrx_word' id='word_1_136' title='bbox 1152 2329 1326 2416; x_wconf 90' lang='lat' dir='ltr'>proprium</span> 
     </span>
     <span class='ocr_line' id='line_1_18' title="bbox 197 2441 1327 2528; baseline -0.001 -22"><span class='ocrx_word' id='word_1_137' title='bbox 197 2441 369 2507; x_wconf 90' lang='lat' dir='ltr'>vocationi</span> <span class='ocrx_word' id='word_1_138' title='bbox 393 2443 552 2508; x_wconf 89' lang='lat' dir='ltr'>clericali.</span> <span class='ocrx_word' id='word_1_139' title='bbox 576 2443 710 2511; x_wconf 90' lang='lat' dir='ltr'>«Unde</span> <span class='ocrx_word' id='word_1_140' title='bbox 735 2443 842 2524; x_wconf 91' lang='lat' dir='ltr'>enim,</span> <span class='ocrx_word' id='word_1_141' title='bbox 864 2443 912 2508; x_wconf 91' lang='lat' dir='ltr'>ait</span> <span class='ocrx_word' id='word_1_142' title='bbox 935 2442 1081 2525; x_wconf 82' lang='lat' dir='ltr'>Habent,</span> <span class='ocrx_word' id='word_1_143' title='bbox 1103 2448 1327 2528; x_wconf 84' lang='lat' dir='ltr'>cognoscetur</span> 
     </span>
     <span class='ocr_line' id='line_1_19' title="bbox 197 2556 1326 2645; baseline -0.002 -25"><span class='ocrx_word' id='word_1_144' title='bbox 197 2556 394 2645; x_wconf 90' lang='lat' dir='ltr'>quempiam</span> <span class='ocrx_word' id='word_1_145' title='bbox 427 2563 546 2622; x_wconf 91' lang='lat' dir='ltr'>natum</span> <span class='ocrx_word' id='word_1_146' title='bbox 579 2557 622 2622; x_wconf 93' lang='lat' dir='ltr'>ad</span> <span class='ocrx_word' id='word_1_147' title='bbox 654 2557 810 2622; x_wconf 90' lang='lat' dir='ltr'>militiam</span> <span class='ocrx_word' id='word_1_148' title='bbox 844 2557 1040 2622; x_wconf 76' lang='lat' dir='ltr'>saecularem</span> <span class='ocrx_word' id='word_1_149' title='bbox 1078 2563 1137 2621; x_wconf 90' lang='lat' dir='ltr'>aut</span> <span class='ocrx_word' id='word_1_150' title='bbox 1170 2556 1326 2644; x_wconf 91' lang='lat' dir='ltr'>quamvis</span> 
     </span>
     <span class='ocr_line' id='line_1_20' title="bbox 196 2669 1326 2760; baseline 0.002 -27"><span class='ocrx_word' id='word_1_151' title='bbox 196 2676 307 2734; x_wconf 90' lang='lat' dir='ltr'>artem</span> <span class='ocrx_word' id='word_1_152' title='bbox 336 2671 578 2759; x_wconf 86' lang='lat' dir='ltr'>profitendam,</span> <span class='ocrx_word' id='word_1_153' title='bbox 609 2671 676 2736; x_wconf 93' lang='lat' dir='ltr'>nisi</span> <span class='ocrx_word' id='word_1_154' title='bbox 703 2672 782 2760; x_wconf 90' lang='lat' dir='ltr'>quia</span> <span class='ocrx_word' id='word_1_155' title='bbox 810 2671 997 2737; x_wconf 87' lang='lat' dir='ltr'>delectatur</span> <span class='ocrx_word' id='word_1_156' title='bbox 1026 2669 1326 2737; x_wconf 82' lang='lat' dir='ltr'>exercitationibus</span> 
     </span>
     <span class='ocr_line' id='line_1_21' title="bbox 196 2783 1326 2875; baseline 0.001 -28"><span class='ocrx_word' id='word_1_157' title='bbox 196 2783 418 2866; x_wconf 90' lang='lat' dir='ltr'>militaribus,</span> <span class='ocrx_word' id='word_1_158' title='bbox 454 2793 489 2854; x_wconf 91' lang='lat' dir='ltr'>et</span> <span class='ocrx_word' id='word_1_159' title='bbox 521 2786 596 2852; x_wconf 90' lang='lat' dir='ltr'>aliis</span> <span class='ocrx_word' id='word_1_160' title='bbox 632 2785 896 2852; x_wconf 89' lang='lat' dir='ltr'>accommodatis</span> <span class='ocrx_word' id='word_1_161' title='bbox 927 2787 1007 2870; x_wconf 90' lang='lat' dir='ltr'>arti,</span> <span class='ocrx_word' id='word_1_162' title='bbox 1041 2808 1145 2875; x_wconf 92' lang='lat' dir='ltr'>quam</span> <span class='ocrx_word' id='word_1_163' title='bbox 1175 2784 1326 2872; x_wconf 84' lang='lat' dir='ltr'>profiteri</span> 
     </span>
     <span class='ocr_line' id='line_1_22' title="bbox 196 2897 367 2986; baseline -0.012 -24"><span class='ocrx_word' id='word_1_164' title='bbox 196 2897 335 2986; x_wconf 73' lang='lat' dir='ltr'>cupit¹f</span> <span class='ocrx_word' id='word_1_165' title='bbox 351 2927 367 2960; x_wconf 89' lang='lat'>»</span> 
     </span>
    </p>

    <p class='ocr_par' dir='ltr' id='par_1_4' title="bbox 196 3013 1324 3216">
     <span class='ocr_line' id='line_1_23' title="bbox 244 3013 1324 3101; baseline 0.002 -24"><span class='ocrx_word' id='word_1_166' title='bbox 244 3013 286 3080; x_wconf 89' lang='lat' dir='ltr'>D.</span> <span class='ocrx_word' id='word_1_167' title='bbox 309 3013 454 3094; x_wconf 91' lang='lat' dir='ltr'>Verum,</span> <span class='ocrx_word' id='word_1_168' title='bbox 485 3020 525 3079; x_wconf 92' lang='lat' dir='ltr'>ut</span> <span class='ocrx_word' id='word_1_169' title='bbox 552 3013 623 3079; x_wconf 87' lang='lat' dir='ltr'>haec</span> <span class='ocrx_word' id='word_1_170' title='bbox 652 3014 827 3080; x_wconf 91' lang='lat' dir='ltr'>inclinatio</span> <span class='ocrx_word' id='word_1_171' title='bbox 856 3013 901 3079; x_wconf 92' lang='lat' dir='ltr'>sit</span> <span class='ocrx_word' id='word_1_172' title='bbox 928 3036 1008 3080; x_wconf 89' lang='lat' dir='ltr'>vere</span> <span class='ocrx_word' id='word_1_173' title='bbox 1037 3013 1173 3101; x_wconf 87' lang='lat' dir='ltr'>signum</span> <span class='ocrx_word' id='word_1_174' title='bbox 1202 3013 1324 3079; x_wconf 87' lang='lat' dir='ltr'>divinae</span> 
     </span>
     <span class='ocr_line' id='line_1_24' title="bbox 196 3125 753 3216; baseline 0.011 -26"><span class='ocrx_word' id='word_1_175' title='bbox 196 3126 402 3208; x_wconf 86' lang='lat' dir='ltr'>vocationis,</span> <span class='ocrx_word' id='word_1_176' title='bbox 424 3125 491 3192; x_wconf 92' lang='lat' dir='ltr'>duo</span> <span class='ocrx_word' id='word_1_177' title='bbox 511 3127 753 3216; x_wconf 89' lang='lat' dir='ltr'>requiruntur:</span> 
     </span>
    </p>

    <p class='ocr_par' dir='ltr' id='par_1_5' title="bbox 195 3240 1324 3905">
     <span class='ocr_line' id='line_1_25' title="bbox 243 3240 1324 3331; baseline 0.002 -25"><span class='ocrx_word' id='word_1_178' title='bbox 243 3264 274 3306; x_wconf 84' lang='lat' dir='ltr'>a.</span> <span class='ocrx_word' id='word_1_179' title='bbox 297 3241 343 3308; x_wconf 90' lang='lat' dir='ltr'>Ut</span> <span class='ocrx_word' id='word_1_180' title='bbox 366 3240 410 3306; x_wconf 92' lang='lat' dir='ltr'>sit</span> <span class='ocrx_word' id='word_1_181' title='bbox 432 3243 720 3328; x_wconf 80' lang='lat' dir='ltr'>supernaturalis,</span> <span class='ocrx_word' id='word_1_182' title='bbox 742 3266 863 3331; x_wconf 89' lang='lat' dir='ltr'>nempe</span> <span class='ocrx_word' id='word_1_183' title='bbox 882 3251 921 3310; x_wconf 92' lang='lat' dir='ltr'>ut</span> <span class='ocrx_word' id='word_1_184' title='bbox 944 3243 1118 3326; x_wconf 89' lang='lat' dir='ltr'>alumnus,</span> <span class='ocrx_word' id='word_1_185' title='bbox 1140 3242 1176 3306; x_wconf 91' lang='lat' dir='ltr'>in</span> <span class='ocrx_word' id='word_1_186' title='bbox 1195 3243 1324 3330; x_wconf 90' lang='lat' dir='ltr'>amplc-</span> 
     </span>
     <span class='ocr_line' id='line_1_26' title="bbox 197 3355 1320 3446; baseline 0 -24"><span class='ocrx_word' id='word_1_187' title='bbox 197 3355 322 3422; x_wconf 90' lang='lat' dir='ltr'>ctendo</span> <span class='ocrx_word' id='word_1_188' title='bbox 341 3362 434 3421; x_wconf 90' lang='lat' dir='ltr'>statu</span> <span class='ocrx_word' id='word_1_189' title='bbox 454 3357 614 3438; x_wconf 88' lang='lat' dir='ltr'>clericali,</span> <span class='ocrx_word' id='word_1_190' title='bbox 632 3357 697 3422; x_wconf 92' lang='lat' dir='ltr'>sibi</span> <span class='ocrx_word' id='word_1_191' title='bbox 710 3365 878 3446; x_wconf 88' lang='lat' dir='ltr'>proponat</span> <span class='ocrx_word' id='word_1_192' title='bbox 892 3357 995 3423; x_wconf 88' lang='lat' dir='ltr'>finem</span> <span class='ocrx_word' id='word_1_193' title='bbox 1015 3357 1320 3446; x_wconf 90' lang='lat' dir='ltr'>supernaturalem,</span> 
     </span>
     <span class='ocr_line' id='line_1_27' title="bbox 196 3470 1323 3560; baseline 0.005 -28"><span class='ocrx_word' id='word_1_194' title='bbox 196 3491 232 3532; x_wconf 87' lang='lat' dir='ltr'>v.</span> <span class='ocrx_word' id='word_1_195' title='bbox 254 3489 304 3555; x_wconf 88' lang='lat' dir='ltr'>g.,</span> <span class='ocrx_word' id='word_1_196' title='bbox 326 3470 470 3557; x_wconf 85' lang='lat' dir='ltr'>gloriam</span> <span class='ocrx_word' id='word_1_197' title='bbox 495 3473 573 3554; x_wconf 87' lang='lat' dir='ltr'>Dei,</span> <span class='ocrx_word' id='word_1_198' title='bbox 596 3472 742 3538; x_wconf 91' lang='lat' dir='ltr'>salutem</span> <span class='ocrx_word' id='word_1_199' title='bbox 766 3472 972 3555; x_wconf 85' lang='lat' dir='ltr'>animarum,</span> <span class='ocrx_word' id='word_1_200' title='bbox 995 3479 1054 3538; x_wconf 89' lang='lat' dir='ltr'>aut</span> <span class='ocrx_word' id='word_1_201' title='bbox 1077 3471 1182 3538; x_wconf 91' lang='lat' dir='ltr'>alium</span> <span class='ocrx_word' id='word_1_202' title='bbox 1205 3472 1323 3560; x_wconf 90' lang='lat' dir='ltr'>hujus-</span> 
     </span>
     <span class='ocr_line' id='line_1_28' title="bbox 196 3582 1322 3676; baseline 0.004 -30"><span class='ocrx_word' id='word_1_203' title='bbox 196 3582 307 3666; x_wconf 88' lang='lat' dir='ltr'>modi;</span> <span class='ocrx_word' id='word_1_204' title='bbox 336 3585 428 3652; x_wconf 89' lang='lat' dir='ltr'>Deus</span> <span class='ocrx_word' id='word_1_205' title='bbox 453 3586 545 3650; x_wconf 90' lang='lat' dir='ltr'>enim</span> <span class='ocrx_word' id='word_1_206' title='bbox 570 3609 639 3652; x_wconf 91' lang='lat' dir='ltr'>non</span> <span class='ocrx_word' id='word_1_207' title='bbox 665 3593 778 3674; x_wconf 85' lang='lat' dir='ltr'>potest</span> <span class='ocrx_word' id='word_1_208' title='bbox 803 3609 924 3654; x_wconf 88' lang='lat' dir='ltr'>vocare</span> <span class='ocrx_word' id='word_1_209' title='bbox 951 3586 1098 3676; x_wconf 89' lang='lat' dir='ltr'>aliquem</span> <span class='ocrx_word' id='word_1_210' title='bbox 1125 3587 1168 3652; x_wconf 91' lang='lat' dir='ltr'>ad</span> <span class='ocrx_word' id='word_1_211' title='bbox 1195 3593 1322 3652; x_wconf 89' lang='lat' dir='ltr'>statum</span> 
     </span>
     <span class='ocr_line' id='line_1_29' title="bbox 196 3695 1323 3791; baseline 0.004 -29"><span class='ocrx_word' id='word_1_212' title='bbox 196 3695 404 3782; x_wconf 87' lang='lat' dir='ltr'>clericalem,</span> <span class='ocrx_word' id='word_1_213' title='bbox 436 3700 503 3764; x_wconf 91' lang='lat' dir='ltr'>nisi</span> <span class='ocrx_word' id='word_1_214' title='bbox 530 3709 668 3788; x_wconf 90' lang='lat' dir='ltr'>propter</span> <span class='ocrx_word' id='word_1_215' title='bbox 696 3725 731 3766; x_wconf 90' lang='lat' dir='ltr'>se</span> <span class='ocrx_word' id='word_1_216' title='bbox 760 3702 889 3791; x_wconf 86' lang='lat' dir='ltr'>ipsum;</span> <span class='ocrx_word' id='word_1_217' title='bbox 920 3701 1034 3766; x_wconf 92' lang='lat' dir='ltr'>omnia</span> <span class='ocrx_word' id='word_1_218' title='bbox 1067 3701 1157 3766; x_wconf 89' lang='lat' dir='ltr'>enim</span> <span class='ocrx_word' id='word_1_219' title='bbox 1185 3709 1323 3791; x_wconf 91' lang='lat' dir='ltr'>propter</span> 
     </span>
     <span class='ocr_line' id='line_1_30' title="bbox 195 3812 1323 3905; baseline 0.004 -29"><span class='ocrx_word' id='word_1_220' title='bbox 195 3813 419 3902; x_wconf 88' lang='lat' dir='ltr'>semetipsum</span> <span class='ocrx_word' id='word_1_221' title='bbox 441 3812 522 3880; x_wconf 92' lang='lat' dir='ltr'>facit</span> <span class='ocrx_word' id='word_1_222' title='bbox 546 3815 723 3882; x_wconf 88' lang='lat' dir='ltr'>Dominus.</span> <span class='ocrx_word' id='word_1_223' title='bbox 746 3815 782 3882; x_wconf 93' lang='lat' dir='ltr'>Si</span> <span class='ocrx_word' id='word_1_224' title='bbox 805 3839 885 3905; x_wconf 89' lang='lat' dir='ltr'>ergo</span> <span class='ocrx_word' id='word_1_225' title='bbox 910 3815 1117 3882; x_wconf 91' lang='lat' dir='ltr'>ordinandus</span> <span class='ocrx_word' id='word_1_226' title='bbox 1141 3817 1323 3883; x_wconf 91' lang='lat' dir='ltr'>inclinetur</span> 
     </span>
    </p>
   </div>
   <div class='ocr_carea' id='block_1_3' title="bbox 195 3926 1322 4134">
    <p class='ocr_par' dir='ltr' id='par_1_6' title="bbox 195 3926 1322 4134">
     <span class='ocr_line' id='line_1_31' title="bbox 195 3926 1322 4020; baseline 0.004 -29"><span class='ocrx_word' id='word_1_227' title='bbox 195 3926 240 3991; x_wconf 91' lang='lat' dir='ltr'>ad</span> <span class='ocrx_word' id='word_1_228' title='bbox 264 3933 391 3993; x_wconf 88' lang='lat' dir='ltr'>statum</span> <span class='ocrx_word' id='word_1_229' title='bbox 417 3926 624 4012; x_wconf 90' lang='lat' dir='ltr'>clericalem,</span> <span class='ocrx_word' id='word_1_230' title='bbox 651 3929 729 4018; x_wconf 92' lang='lat' dir='ltr'>quia</span> <span class='ocrx_word' id='word_1_231' title='bbox 753 3937 866 4017; x_wconf 89' lang='lat' dir='ltr'>speret</span> <span class='ocrx_word' id='word_1_232' title='bbox 890 3930 969 3995; x_wconf 91' lang='lat' dir='ltr'>inde</span> <span class='ocrx_word' id='word_1_233' title='bbox 994 3930 1050 3995; x_wconf 90' lang='lat' dir='ltr'>vel</span> <span class='ocrx_word' id='word_1_234' title='bbox 1075 3931 1192 4018; x_wconf 89' lang='lat' dir='ltr'>augeri</span> <span class='ocrx_word' id='word_1_235' title='bbox 1222 3955 1322 4020; x_wconf 88' lang='lat' dir='ltr'>posse</span> 
     </span>
     <span class='ocr_line' id='line_1_32' title="bbox 195 4040 1322 4134; baseline 0.004 -28"><span class='ocrx_word' id='word_1_236' title='bbox 195 4063 269 4106; x_wconf 90' lang='lat' dir='ltr'>rem</span> <span class='ocrx_word' id='word_1_237' title='bbox 300 4040 517 4125; x_wconf 87' lang='lat' dir='ltr'>familiarem,</span> <span class='ocrx_word' id='word_1_238' title='bbox 551 4043 606 4108; x_wconf 82' lang='lat' dir='ltr'>vel</span> <span class='ocrx_word' id='word_1_239' title='bbox 639 4043 768 4133; x_wconf 91' lang='lat' dir='ltr'>acquiri</span> <span class='ocrx_word' id='word_1_240' title='bbox 801 4066 901 4133; x_wconf 89' lang='lat' dir='ltr'>posse</span> <span class='ocrx_word' id='word_1_241' title='bbox 931 4068 1054 4110; x_wconf 88' lang='lat' dir='ltr'>vanam</span> <span class='ocrx_word' id='word_1_242' title='bbox 1087 4045 1231 4134; x_wconf 87' lang='lat' dir='ltr'>gloriam</span> <span class='ocrx_word' id='word_1_243' title='bbox 1265 4052 1322 4112; x_wconf 88' lang='lat' dir='ltr'>aut</span> 
     </span>
    </p>
   </div>
   <div class='ocr_carea' id='block_1_4' title="bbox 227 4292 503 4357">
    <p class='ocr_par' dir='ltr' id='par_1_7' title="bbox 227 4292 503 4357">
     <span class='ocr_line' id='line_1_33' title="bbox 227 4292 503 4357; baseline -0.004 -15"><span class='ocrx_word' id='word_1_244' title='bbox 227 4294 236 4328; x_wconf 85' lang='lat'><strong>¹</strong></span> <span class='ocrx_word' id='word_1_245' title='bbox 253 4293 314 4342; x_wconf 85' lang='lat' dir='ltr'>Loe.</span> <span class='ocrx_word' id='word_1_246' title='bbox 332 4292 389 4351; x_wconf 75' lang='lat' dir='ltr'>cit,</span> <span class='ocrx_word' id='word_1_247' title='bbox 407 4309 434 4357; x_wconf 88' lang='lat' dir='ltr'>p.</span> <span class='ocrx_word' id='word_1_248' title='bbox 450 4297 503 4343; x_wconf 72' lang='lat' dir='ltr'>ltl.</span> 
     </span>
    </p>
   </div>
   <div class='ocr_carea' id='block_1_5' title="bbox 0 0 1654 5056">
    <p class='ocr_par' dir='ltr' id='par_1_8' title="bbox 0 0 1654 5056">
     <span class='ocr_line' id='line_1_34' title="bbox 0 0 1654 5056; baseline 0 2"><span class='ocrx_word' id='word_1_249' title='bbox 0 0 1654 5056; x_wconf 95' lang='lat' dir='ltr'> </span> 
     </span>
    </p>
   </div>
  </div>
 </body>
</html>
