3300 5056
385 528 429 576 DE
446 527 658 578 TEMPORIBUS
678 528 719 578 ET
739 527 821 578 Loco
840 529 1093 580 ORDlNthONUhl
1247 528 1300 581 259

174 671 304 756 [estivis
334 671 515 736 continuis,
544 670 658 754 Unde,
686 671 750 736 nisi
773 643 874 736 aliter
898 695 1052 756 cupressu
1079 683 1236 740 caveatur
1265 677 1299 739 in

176 785 334 869 indultis,
361 784 555 874 supradicta
581 784 733 850 clausula
758 807 893 874 semper
918 785 1206 876 subintelligenda
1232 797 1298 854 est.

176 899 303 987 Aliqua
327 905 558 964 memorantur
580 898 714 964 indulta
733 898 836 964 etiam
858 921 919 986 pro
939 899 1058 966 diebus
1082 925 1149 967 non
1172 903 1302 988 festivis

176 1015 218 1076 de
231 1021 399 1100 precepto
412 1017 432 1078 ¹.

223 1127 258 1193 3⁰
271 1127 321 1192 Dc
340 1127 448 1193 altera
468 1129 593 1193 horum
613 1129 827 1195 indultorum
842 1130 996 1194 clausula
1010 1130 1051 1194 de
1069 1131 1188 1196 diebus
1206 1134 1302 1217 sesti-

179 1245 226 1306 oia
246 1263 312 1306 non
331 1243 512 1309 continuis.
528 1281 572 1292 -
584 1243 630 1308 Ut
648 1267 750 1330 supra
765 1245 894 1309 dictum
913 1250 982 1325 est,
1000 1243 1220 1310 Innocentius
1238 1245 1302 1310 Xll

178 1355 282 1420 inseri
302 1355 407 1443 jussit
432 1357 467 1420 in
494 1356 636 1423 indultis
662 1357 750 1423 hanc
778 1357 985 1438 clausulam3
1018 1357 1094 1438 sed,
1126 1357 1207 1424 licet
1235 1382 1302 1424 non

178 1470 358 1551 inseratur,
384 1493 519 1557 semper
542 1469 821 1559 subintelligitur,
846 1479 886 1537 ut
908 1477 1003 1560 patet
1026 1471 1145 1536 eodem
1169 1473 1304 1538 decreto

179 1583 436 1650 Innocentiano.
449 1583 559 1664 Unde,
575 1586 639 1650 nisi
653 1586 754 1650 aliter
766 1609 920 1671 expresse
933 1593 1092 1650 caveatur
1107 1587 1142 1650 in
1157 1587 1303 1670 indulto,

180 1721 355 1792 nunquam
370 1704 529 1764 censetur
543 1721 744 1766 concessum
758 1721 819 1787 pro
835 1698 955 1764 diebus
970 1698 1103 1765 festivis
1122 1702 1303 1784 continuis,

181 1813 287 1878 idest
305 1837 366 1901 pro
382 1811 502 1878 diebus
520 1811 663 1895 festivis,
682 1813 742 1900 qui
761 1813 811 1878 ita
829 1812 896 1879 sibi
914 1813 1113 1894 succedunt,
1132 1823 1170 1878 ut
1190 1816 1307 1880 nullus

180 1928 268 1993 alius
287 1927 430 2012 festivus
448 1928 522 1991 dies·
542 1928 631 1991 inter
654 1949 708 1992 eoa
732 1936 900 1992 occurrat.
924 1927 1031 2014 Ergo,
1053 1927 1089 1991 vi
1112 1928 1306 2016 hujusmodi

179 2042 321 2123 indulti,
342 2042 373 2106 si
395 2041 536 2106 clericus
561 2041 624 2106 hac
647 2041 702 2106 die
726 2041 895 2106 dominica
918 2041 1060 2128 recipiat
1082 2041 1307 2108 subdiacona-

180 2165 270 2234 tum,
292 2178 363 2220 non
381 2161 495 2243 potest
518 2154 665 2243 recipere
685 2154 903 2220 diaconatum
921 2153 975 2218 die
995 2154 1164 2220 dominica
1187 2156 1308 2220 imme-

181 2271 272 2336 diate
291 2269 448 2358 sequenti
463 2267 548 2355 (nisi
562 2268 650 2333 inter
664 2268 749 2333 duas
764 2267 952 2332 dominicas
967 2268 1155 2333 intercedat
1168 2269 1308 2358 aliquod

182 2386 309 2451 lestum
332 2385 374 2449 de
402 2382 604 2472 proecepto);
631 2390 665 2447 et
693 2405 844 2462 rursum,
872 2388 1009 2469 recepto
1037 2381 1218 2448 diaconatu
1246 2385 1308 2450 tali

182 2501 236 2566 die
255 2499 395 2579 festivo,
417 2519 485 2563 non
504 2503 619 2586 potest
642 2496 793 2584 recipere
816 2495 1092 2584 presbyteratum
1111 2495 1166 2561 die
1185 2496 1309 2564 lestivo

182 2605 377 2681 immediate
401 2612 569 2702 sequenti.
595 2611 632 2678 Si
655 2633 736 2675 vero
762 2609 902 2698 recipiat
925 2609 1207 2676 subdiaconatum
1231 2611 1309 2676 sab-

183 2729 262 2795 bato
282 2735 417 2808 sancto,
443 2731 558 2814 potest
581 2724 821 2804 nihilominus,
843 2724 877 2786 vi
901 2723 1042 2806 indulti,
1064 2725 1212 2813 recipere
1236 2725 1309 2790 dia-

183 2851 345 2909 conatum
364 2841 418 2906 die
438 2840 594 2918 Paschae,
617 2839 685 2904 imo
706 2845 740 2902 et
763 2836 1037 2926 presbyteratum
1061 2837 1143 2903 leria
1162 2837 1211 2904 Ill
1230 2847 1310 2926 post

185 2958 331 3038 Pascha,
354 2955 435 3036 nisi,
457 2953 500 3018 ad
526 2959 678 3018 mentem
696 2951 795 3017 relati
814 2951 942 3016 decreti
962 2951 1213 3034 Innocentiani,
1234 2952 1310 3018 lon-

183 3075 261 3160 gius
284 3068 503 3137 intervallum
526 3067 615 3132 inter
640 3065 872 3130 ordinationes
895 3064 1092 3154 praescribat
1116 3067 1307 3155 episcopus.

185 3185 358 3253 Nonnulla
386 3188 617 3247 memorantur
643 3178 775 3244 indulta
804 3201 871 3264 pro
900 3179 1018 3243 diebus
1049 3181 1179 3264 festivis
1206 3182 1311 3245 conti·

185 3303 293 3368 uuis².

230 3417 264 3481 4⁰
282 3415 330 3480 Dc
353 3412 543 3479 extensione
572 3408 697 3472 horum
726 3406 951 3470 indultorum.
974 3443 1018 3454 -
1043 3409 1074 3471 1.
1102 3405 1307 3495 Episcopus,

184 3531 243 3620 qui
262 3528 385 3594 lruitur
403 3523 537 3590 indulto
557 3519 752 3588 conserendi
776 3517 911 3584 ordines
931 3525 1027 3584 extra
1051 3525 1224 3606 tempora,
1245 3521 1310 3586 hoc

217 3727 225 3760 ¹
241 3724 281 3774 Cl.
303 3722 437 3785 Konings,
458 3719 505 3788 cit.
524 3715 671 3767 Commeat.
693 3713 721 3762 in
739 3711 885 3775 facultates
904 3711 1080 3776 apostolicas,
1102 3729 1128 3763 n.
1146 3719 1185 3774 99,
1206 3729 1232 3777 p.
1249 3719 1307 3775 145,

185 3807 241 3854 not.
257 3809 281 3851 6.

216 3883 227 3918 ²
243 3881 285 3932 Cl.
303 3879 476 3936 Honorante,
490 3889 515 3924 c
529 3887 598 3933 xvn,
614 3887 641 3920 n.
656 3876 696 3930 11,
711 3885 738 3934 p.
757 3872 879 3918 113-111.
897 3871 969 3919 Anto
983 3870 1124 3919 decretum
1138 3869 1309 3922 Innocentis.

185 3976 263 4020 num,
280 3973 334 4008 non
349 3970 410 4004 raro
424 3951 645 4002 concedebantur
660 3949 765 3997 indulte
777 3963 826 4011 pro
844 3947 942 3996 diebus
956 3947 1033 3996 lestis
1047 3947 1200 4007 continuis5
1217 3948 1251 3998 cs.
1267 3949 1309 3997 De

184 4038 323 4096 Muttinis,
337 4033 415 4085 Iuris
423 4029 560 4096 pontificii
573 4029 606 4078 de
618 4028 700 4091 Prop.
713 4026 792 4084 Fide,
806 4027 876 4088 part.
891 4024 915 4082 l,
931 4026 1008 4088 plura
1025 4025 1116 4076 brevia
1129 4025 1231 4076 Urbani
1245 4025 1308 4074 vm

185 4115 341 4181 hujusmodi
358 4111 463 4162 indulta
476 4107 654 4158 concedentis
666 4105 782 4154 diversis
794 4104 928 4154 institutis
941 4107 989 4153 aut
1003 4104 1153 4167 episcopis,
1166 4103 1217 4154 sub
1229 4119 1256 4153 n.
1269 4108 1308 4162 5⁰,

184 4203 227 4254 6³,
244 4199 345 4254 15,11,
361 4195 405 4250 80,
426 4193 445 4240 1.
464 4193 490 4248 1,
510 4203 537 4250 p.
554 4189 612 4244 111,
628 4188 682 4244 111,
699 4187 832 4240 155,166,
849 4186 903 4230 17³.
926 4209 952 4217 -
974 4181 1040 4230 Post
1059 4185 1150 4231 autem
1169 4183 1308 4231 decretum

186 4276 289 4333 innoc„
304 4269 441 4322 rarissime
459 4265 659 4322 conceduntur;
679 4262 714 4310 cl.
733 4260 844 4310 Cottect.
859 4259 885 4308 S.
902 4261 930 4309 C.
947 4259 980 4309 de
999 4259 1080 4324 Prop.
1097 4259 1174 4317 Fide,
1195 4275 1221 4308 n.
1240 4265 1308 4317 11111,

186 4369 212 4418 p.
228 4355 283 4404 101.
