3300 5056
320 485 374 538 234
587 487 631 536 DE
649 485 788 537 LEGIBUS
809 486 923 536 SACRAE
941 483 1177 536 oflnluauouls

320 653 390 696 suae
409 629 584 716 religionis
604 627 750 694 similem
773 629 876 695 fidem
899 625 1042 708 haheat3
1067 655 1084 690 »
1105 666 1151 678 —
1167 628 1200 692 2.
1224 627 1352 692 Praeter
1370 651 1445 715 gra-

319 745 403 810 dum
422 743 587 824 doctoris,
605 749 685 826 etc,
702 743 864 831 praecepit
878 743 1063 830 Gregorius
1076 741 1155 807 XIV
1168 748 1209 808 ut
1222 741 1318 807 fieret
1334 744 1447 828 inqui-

318 859 397 923 sitio
416 858 457 922 de
480 858 635 922 doctrina
655 858 879 943 promovendi
889 876 903 939 ,·
927 857 974 923 ait
998 857 1106 939 enim,
1132 855 1227 921 bulla
1252 856 1343 922 Onus
1367 879 1446 942 apo-

320 973 459 1056 scoticae,
483 973 523 1038 15
545 971 659 1037 martii
680 971 782 1054 1591,
804 975 820 1056 ἓ
840 971 886 1039 9:
909 999 925 1030 «
949 970 1036 1050 Quia
1054 971 1143 1036 circa
1162 969 1352 1036 doctrinam
1372 971 1447 1058 plu-

319 1110 374 1152 res
393 1086 529 1152 fraudes
548 1087 716 1153 committi
736 1086 864 1169 solent,
882 1093 917 1152 et
931 1109 1020 1174 saepe
1035 1085 1203 1172 contingit
1216 1091 1256 1151 ut
1269 1085 1443 1167 nonnulli,

320 1201 462 1266 scientia
500 1203 620 1284 vacui,
656 1201 698 1266 de
736 1200 809 1265 solo
847 1201 996 1266 doctoris
1032 1199 1134 1266 titulo
1171 1207 1230 1265 aut
1266 1199 1445 1286 privilegio

319 1315 524 1402 glorientur,
546 1314 705 1380 volumus
724 1322 763 1380 ut
782 1315 823 1379 de
841 1337 958 1380 eorum
978 1315 1080 1380 ctiam
1097 1315 1251 1379 doctrina
1265 1314 1446 1398 diligenter

322 1430 532 1515 inquiratur,
631 1428 696 1492 nisi
722 1429 809 1492 forte
836 1429 1028 1516 aliquorum
1053 1427 1198 1515 insignis
1224 1426 1378 1492 doctrina
1404 1449 1445 1490 ex

320 1543 457 1631 publica
476 1543 629 1630 ipsorum
647 1541 820 1608 functione
840 1543 972 1607 notoria
996 1547 1128 1607 esset...
1152 1541 1204 1606 lta
1227 1564 1308 1606 vero
1332 1540 1445 1628 inqui-

322 1658 400 1723 sitio
424 1656 578 1722 facienda
602 1657 682 1740 erit,
708 1665 762 1739 nt,
789 1655 912 1745 quibus
936 1657 971 1722 in
995 1656 1095 1738 looiS,
1123 1661 1250 1744 quanto
1273 1663 1441 1742 tempore,

319 1779 355 1837 et
378 1795 445 1860 quo
470 1771 597 1852 fructu,
623 1770 804 1860 theologiae
832 1771 888 1835 vel
911 1771 982 1858 juri
1005 1769 1168 1835 canonico
1192 1770 1444 1856 promovendus

317 1907 456 1974 operam
476 1885 623 1966 dederit,
646 1888 900 1972 cognoscatur¹.
926 1913 942 1945 n
958 1923 1003 1934 -
1017 1885 1048 1952 3.
1072 1884 1128 1949 Ad
1147 1884 1240 1972 quod
1258 1905 1444 1970 exsequen-

320 1999 417 2080 dum,
440 1997 597 2064 Urbanus
616 1998 713 2080 Vlll,
735 1999 1032 2082 inhumatione,
1054 1997 1143 2063 edita
1163 2019 1218 2063 an.
1242 1996 1340 2078 1627,
1357 1997 1444 2060 circu

319 2136 517 2202 processum
533 2113 790 2178 informativnm
804 2112 845 2177 de
860 2111 1102 2200 promovendis
1116 2111 1158 2175 ad
1174 2111 1441 2200 episcopatum²,

261 2291 262 2294 ,
320 2227 429 2291 voluit
457 2227 658 2315 interrogari
683 2233 806 2309 testeS,
836 2227 877 2292 de
903 2227 1014 2312 gradu
1043 2226 1205 2309 doctoris,
1235 2225 1277 2291 de
1305 2226 1384 2289 locis
1410 2225 1443 2288 in

320 2339 444 2428 quibus
462 2341 714 2429 promovendus
734 2341 883 2406 scientiae
904 2363 1007 2406 sacrae
1027 2339 1211 2422 studuerit,
1234 2340 1276 2405 dc
1297 2347 1444 2424 tempore

317 2461 354 2519 et
372 2461 491 2539 fructu
512 2456 632 2536 studii,
656 2463 721 2521 etc.
734 2457 756 2520 ³.

422 2725 480 2792 IV.
509 2726 559 2790 Du
584 2746 749 2800 nnorrsrra
773 2745 944 2791 rnomrrrn
964 2743 1003 2787 ur
1027 2743 1205 2788 casuram
1227 2743 1341 2790 rronuu

365 2960 433 3030 90.
452 3002 496 3011 -
515 2964 673 3031 Morum
692 2961 871 3050 probitas
890 2967 929 3030 ot
952 2962 1130 3048 gravitas
1155 2960 1346 3048 requisita
1369 2978 1440 3047 pro

317 3077 441 3145 variis
461 3076 684 3145 ordinibus.

365 3194 397 3254 l⁰
416 3192 484 3254 Pro
500 3191 616 3276 prima
641 3199 792 3258 tonsura.
813 3231 857 3239 -
877 3191 982 3257 Cone.
1009 3191 1116 3274 Trid,
1143 3212 1216 3277 cap.
1244 3189 1379 3268 Prima,
1403 3187 1438 3268 1,

318 3327 402 3369 sess.
432 3304 561 3384 XXlll,
589 3305 638 3368 Du
664 3325 749 3386 nur,
776 3305 825 3369 sic
849 3307 998 3372 statuit:
1026 3334 1042 3367 «
1070 3305 1185 3369 Prima
1208 3309 1349 3366 tonsura
1374 3324 1441 3365 non

318 3417 506 3500 initientur,
536 3419 595 3507 qui
621 3425 871 3484 sacramentum
899 3419 1167 3485 confirmationis
1192 3439 1261 3481 non
1285 3437 1440 3502 suscepe-

318 3531 402 3614 rint,
496 3539 529 3597 ct
555 3533 747 3620 dequibus
768 3533 960 3619 probabilis
987 3535 1183 3620 conjectura
1209 3531 1362 3614 nonsit,
1388 3550 1441 3593 eos

319 3667 385 3710 non
404 3646 574 3710 secularis
587 3648 716 3732 judicii
734 3649 893 3734 fugiendi
915 3647 1056 3734 fraude,
1077 3647 1136 3710 aed
1156 3653 1192 3708 ut
1216 3645 1284 3708 Deo
1307 3643 1440 3728 fidelem

316 3760 449 3823 cultum
471 3767 650 3845 praestent,
682 3761 743 3827 hoc
770 3764 843 3826 vila
868 3783 975 3846 qcnur
1000 3760 1148 3845 elegisse.
1177 3786 1193 3818 n
1221 3757 1304 3837 Quae
1330 3757 1440 3845 conje-

223 3883 224 3888 ’
316 3879 413 3938 ctura
432 3872 592 3938 fundatur
615 3874 803 3961 prmsertim
822 3872 920 3938 bonis
940 3883 974 3941 et
992 3875 1057 3963 piis
1078 3872 1228 3938 moribus
1247 3869 1437 3937 ordinandi.

349 4059 358 4092 ²
375 4058 446 4107 Bull.
460 4059 545 4116 llum„
562 4061 581 4108 t.
597 4074 623 4118 v,
641 4061 710 4121 part.
727 4065 749 4119 1,
766 4076 793 4122 p.
809 4065 864 4110 269.

350 4137 361 4170 ²
378 4137 469 4186 Habes
488 4137 557 4185 hano
574 4136 787 4186 Instructionem
803 4139 831 4186 in
851 4138 923 4188 Bull.
939 4139 1023 4196 llam,
1040 4141 1059 4186 1.
1076 4153 1116 4196 rr,
1132 4141 1203 4199 part.
1220 4141 1241 4195 1,
1258 4151 1284 4198 p.
1304 4141 1393 4194 73-Πς
1411 4162 1438 4170 -

319 4214 362 4262 vel
376 4215 448 4277 apud
463 4215 561 4274 Bouix,
575 4215 613 4262 De
628 4217 763 4279 episcopo,
780 4220 800 4266 t.
816 4232 838 4276 1,
855 4233 881 4280 p.
898 4222 942 4265 215
956 4231 1006 4279 sq.,
1023 4216 1145 4274 Parisiis,
1161 4219 1232 4263 1859.

349 4295 360 4326 ³
377 4293 446 4341 Vide
461 4292 655 4342 instructionis
670 4297 681 4353 ἓ
697 4299 724 4352 5,
740 4294 981 4356 interrogatorium
1000 4301 1040 4355 10;
1057 4295 1156 4354 Boniti,
1173 4295 1222 4344 loc.
1239 4293 1294 4351 cit,
1310 4309 1337 4356 p.
1354 4299 1406 4341 220.
