3316 5052
326 465 380 520 286
593 463 637 514 DE
655 462 793 513 LEGIBUS
814 461 927 512 SACRAE
945 459 1182 512 onnlnnrlonts

326 635 360 676 n.
378 609 447 696 61,
463 608 512 674 8⁰.
527 607 708 688 Attamen,
730 627 791 694 pro
810 605 919 670 causis
937 603 1218 691 dispensationis,
1239 611 1328 670 stare
1347 603 1451 670 debet

325 725 505 814 episcopus
523 721 731 788 attestationi
749 717 898 807 praelati,
915 717 1111 800 ntideeidit
1130 717 1165 784 S.
1181 717 1307 806 Congr.
1325 717 1447 802 Cone,

325 841 359 904 in
378 839 521 920 Fanon.,
543 836 564 902 6
578 835 657 924 julii
677 833 796 902 15921.

393 1113 412 1187 ξ
431 1113 464 1171 3.
481 1113 536 1170 Da
553 1110 702 1170 duobus
720 1108 920 1168 ordinibus
939 1108 1072 1177 sacris,
1091 1109 1150 1167 vet
1170 1121 1248 1166 uno
1267 1121 1376 1166 sacro

451 1214 489 1268 et
507 1207 731 1276 minoribus,
751 1207 883 1266 eodem
902 1206 965 1264 dta
983 1221 1059 1264 non
1079 1205 1321 1280 recipiendis.

368 1423 463 1491 113.
476 1459 521 1470 -
531 1419 757 1490 Prohibttio
771 1417 990 1506 recipiendi
1007 1417 1112 1488 duos
1129 1419 1292 1488 ordinas
1311 1437 1447 1490 sacros

321 1535 459 1606 eodem
477 1535 556 1604 die.

366 1652 402 1716 I⁰
425 1651 569 1718 Constat
587 1648 775 1714 clarissime
794 1647 866 1714 haee
883 1647 1093 1736 prohibitio:
1117 1653 1148 1715 I.
1170 1647 1254 1736 Cep.
1276 1648 1443 1732 Litteras,

322 1768 375 1848 13,
393 1765 445 1830 Du
459 1783 656 1830 remouens
671 1783 796 1843 cunm„
812 1761 872 1828 nbi
889 1762 1004 1850 agitur
1021 1763 1064 1828 de
1083 1763 1208 1828 clerico
1223 1762 1284 1850 qui
1300 1761 1445 1828 sabbato

319 1881 473 1961 Quatuor
504 1879 710 1965 Temporum
748 1875 926 1943 ordinatus
962 1876 1073 1943 inerat
1104 1877 1139 1942 in
1173 1877 1375 1960 diaconum,
1408 1883 1442 1942 ct

319 1994 476 2083 sequenti
504 1993 674 2058 dominica
703 1991 919 2080 (continuato
942 1991 1093 2080 jejunio)
1118 1991 1154 2056 in
1178 1989 1439 2080 presbyterum,
1501 2031 1504 2038 ·

318 2112 361 2176 de
390 2133 457 2198 quo
485 2111 533 2176 ait
561 2109 816 2175 Innocentius:
846 2135 863 2170 c
891 2107 927 2174 Si
954 2109 1045 2175 enim
1075 2117 1261 2196 utrumne
1289 2109 1442 2173 ordinem

318 2226 433 2290 eodem
452 2226 506 2288 die
525 2218 680 2311 conferre¹
701 2224 840 2289 illinon
860 2223 971 2308 licuit,
997 2223 1072 2312 pari
1096 2245 1165 2289 non
1191 2223 1288 2288 licuit
1312 2223 1443 2288 ratione

317 2361 423 2404 unum
438 2339 592 2404 ordinem
605 2361 676 2404 uno
689 2337 761 2419 die,
779 2345 813 2403 et
827 2338 932 2403 alium
947 2339 1071 2420 altero,
1085 2337 1219 2426 jejunio
1231 2337 1439 2419 continuato,

318 2452 462 2519 conferri
471 2453 548 2534 ¹...3
573 2479 590 2514 n
609 2475 687 2541 quae
704 2449 808 2517 verba
828 2457 1025 2539 supponunt
1048 2451 1151 2517 etiam
1174 2458 1255 2517 ante
1279 2450 1442 2516 Innocen-

316 2568 404 2633 tium
423 2567 576 2633 extitisse
596 2567 682 2632 hanc
697 2564 980 2654 prohibitionem
997 2605 1043 2616 -
1055 2565 1088 2631 2.
1107 2563 1212 2632 Couc.
1230 2565 1439 2647 Tridentino,

197 2749 199 2754 .
317 2706 390 2771 cap.
418 2682 641 2766 subdiaconi,
674 2680 731 2762 13,
761 2702 846 2746 sess.
877 2679 1007 2764 XXIII,
1038 2681 1090 2745 Da·
1118 2699 1259 2746 monn.
1285 2699 1293 2746 :
1320 2707 1338 2740 n
1364 2679 1439 2744 Dno

316 2799 404 2862 sacri
423 2797 558 2862 ordines
578 2817 644 2860 non
664 2795 780 2860 eodem
794 2795 864 2879 die,
881 2795 984 2859 etiam
997 2794 1244 2880 Reqntaribns,
1261 2797 1440 2879 conseran-

317 2923 386 2996 tur,
403 2911 592 3000 privilegiis
611 2911 650 2974 n'c
670 2908 813 2974 indultis
832 2909 1010 2998 quibusvis
1029 2909 1200 2974 concessis
1218 2930 1288 2973 non
1303 2907 1441 2973 obstan-

315 3025 408 3092 tibus
427 3023 709 3113 quibuscumque.
733 3049 749 3084 »
837 3037 839 3042 ·

263 3136 267 3148 ’
360 3139 396 3204 2⁰
416 3136 603 3204 Prohibitio
623 3136 817 3203 extenditur
836 3137 879 3204 ad
897 3159 1013 3202 casum
1032 3139 1219 3204 continuati
1232 3138 1380 3224 jejunii,
1397 3136 1440 3202 de

316 3277 384 3342 quo
407 3253 535 3318 dictum
558 3260 611 3318 est
635 3273 753 3340 supra,
774 3275 809 3318 n.
836 3250 909 3337 93,
930 3252 977 3318 3⁰.
1000 3251 1037 3318 Si
1060 3252 1137 3341 quis
1160 3273 1298 3340 nempe,
1320 3251 1356 3316 in
1375 3252 1438 3316 hac

316 3367 527 3433 ordinatione
556 3389 631 3456 quae
658 3366 779 3454 incipit
808 3364 968 3447 sabbato,
999 3372 1050 3449 et,
1081 3366 1279 3432 continuato
1303 3365 1436 3454 jejunio

315 3480 464 3564 sabbati,
487 3480 675 3547 absolvitur
693 3480 729 3545 in
747 3479 841 3546 horis
859 3479 1037 3546 matutinis
1057 3479 1124 3546 diei
1143 3479 1336 3563 dominicae,
1354 3481 1438 3546 reci-

314 3598 386 3685 piat
411 3595 497 3661 duos
522 3595 658 3660 ordines
684 3616 815 3677 sacros,
842 3615 949 3660 nuum
975 3593 1028 3660 die
1056 3593 1205 3677 sabbati,
1231 3601 1267 3659 et
1291 3595 1437 3661 alterum

314 3710 368 3774 die
388 3708 571 3790 dominica,
589 3708 739 3795 graviter
751 3714 868 3796 peccat
884 3715 1002 3774 contra
1017 3707 1144 3776 dictam
1157 3707 1434 3796 prohibitionem,

314 3831 348 3889 et
367 3829 419 3888 est
437 3823 582 3910 ipsemet
600 3843 715 3906 casus,
732 3843 834 3910 quem
849 3822 1099 3910 contemplatur
1113 3821 1333 3890 Innocentius
1345 3823 1438 3888 dicto

313 3961 387 4026 cap.
408 3937 568 4001 Litteras.

358 4053 392 4119 3⁰
419 4051 492 4117 Hac
515 4061 630 4115 tamen
653 4047 729 4138 lege
754 4073 824 4116 non
847 4049 1046 4140 prohibetur
1072 4050 1148 4141 quis
1173 4051 1325 4142 recipere
1349 4049 1435 4118 duos

347 4213 355 4247 ¹
372 4213 457 4270 Quam
472 4212 555 4262 refert
570 4211 686 4274 Giraldi,
701 4215 771 4276 part.
787 4211 826 4272 11,
842 4216 909 4264 sect.
925 4229 964 4272 cr,
980 4227 1007 4278 p.
1023 4218 1077 4264 961.

344 4293 354 4326 ²
371 4292 441 4343 Vide
455 4291 559 4356 reliqua
574 4290 657 4340 verba
671 4293 763 4342 textus
777 4305 872 4355 supra,
888 4307 915 4342 n.
931 4291 987 4354 9³,
1003 4297 1039 4342 ³⁰.
