3294 5054
422 513 465 563 DE
485 511 748 572 PRAEREQUlSlTlS
766 510 811 560 An
830 510 1084 562 ORDlNdTlONEM
1264 507 1316 561 365

192 657 284 746 quod
316 654 473 720 concludi
506 653 642 718 videtur
674 676 715 718 ex
749 676 842 718 conc.
875 653 1004 718 Montis
1033 653 1169 734 Libani,
1206 653 1313 740 quod,

191 778 270 860 post
288 768 392 834 verba
410 769 532 848 citata,
560 768 608 832 sic
632 767 769 854 pergit:
792 794 808 827 «
838 767 911 831 Aut
938 767 1043 853 igitur
1068 766 1192 831 habere
1217 765 1316 832 debet

191 881 362 969 (clericus)
383 905 425 946 ex
444 880 599 961 ecclesia,
617 880 715 968 cujus
735 879 874 944 servitio
894 879 1074 960 addicitur,
1092 880 1182 944 unde
1202 880 1314 960 vivat;

192 1006 251 1063 aut
275 996 517 1085 patrimonium
540 993 711 1059 sufficiens
734 994 777 1058 de
797 1016 859 1058 sua
877 993 933 1058 vel
960 999 1101 1081 paterna
1129 993 1317 1060 hereditate

192 1111 430 1190 constitutum,
453 1108 544 1196 quod
559 1108 623 1195 ipsi
639 1106 829 1172 subsidium
845 1107 924 1170 vitro
943 1114 1099 1194 praestet;
1121 1114 1180 1172 aut
1195 1107 1317 1173 saltem

194 1247 253 1310 per
272 1223 453 1287 honestum
468 1221 647 1286 artificium
667 1221 722 1286 vel
742 1244 802 1309 per
820 1221 952 1286 litteras
971 1222 1100 1286 vietum
1116 1229 1244 1310 quaerat
1258 1228 1279 1287 ¹.
1301 1251 1317 1284 n

240 1339 273 1404 3⁰
287 1339 390 1404 Juxta
410 1337 473 1402 hoc
493 1337 582 1402 idem
602 1337 801 1418 concilium,
824 1336 953 1401 alumni
978 1336 1112 1423 collegii
1133 1337 1319 1403 Maronita-

195 1475 282 1532 rum,
303 1453 339 1516 in
361 1450 468 1531 Urbe,
491 1451 691 1516 ordinantur
710 1450 753 1515 ad
778 1450 918 1515 titulum
939 1451 1122 1534 missionis,
1145 1458 1179 1515 et
1198 1452 1320 1517 vivunt

195 1590 237 1632 ex
257 1565 422 1630 reditibus
438 1565 657 1646 missionum,
679 1563 803 1652 quibus
822 1571 940 1652 postea
960 1564 1195 1631 addicuntnr'.

240 1680 274 1744 4⁰
297 1679 484 1766 Regulares
508 1678 707 1744 ordinantur
731 1678 774 1742 ad
798 1679 937 1744 titulum
960 1677 1182 1766 professionis
1201 1703 1319 1744 mona-

196 1793 314 1875 chaliS,
332 1817 373 1858 ex
394 1793 632 1880 antiquissimo
651 1815 728 1873 usu,
751 1799 789 1856 ut
808 1792 898 1879 apud
917 1791 1069 1858 Latinos.

282 2111 357 2176 Vll.
386 2112 492 2175 Poma
516 2131 637 2177 conran
661 2130 859 2176 vioaaroass
884 2130 990 2176 anouu
1014 2130 1235 2177 canonicrnuu

549 2245 589 2288 os
612 2245 726 2290 naono
750 2245 971 2290 ominarroms

246 2437 341 2506 150.
354 2475 397 2485 —
410 2437 546 2505 Poenae
558 2441 697 2503 contre
711 2435 917 2522 episcopos
932 2435 1178 2504 ordinantes.
1192 2474 1235 2485 —
1251 2438 1322 2502 Du-

198 2551 277 2640 plex
303 2573 403 2638 poena
432 2558 550 2615 contra
575 2573 634 2614 eos
660 2555 788 2614 statuta
817 2557 885 2629 est,
919 2571 1040 2635 nempe
1071 2552 1258 2636 suspensio,
1290 2558 1324 2614 ct

196 2689 307 2752 prena,
329 2664 368 2729 iit
388 2665 434 2730 ita
450 2665 573 2744 dicam,
591 2664 818 2748 pecuniaria:

247 2783 281 2843 l⁰
299 2780 347 2843 Dc
362 2801 461 2864 poena
481 2778 727 2864 suspensionis,·
748 2784 877 2842 statuta
898 2779 1004 2842 estin
1025 2778 1152 2864 duplici
1172 2798 1276 2844 casu:
1301 2785 1304 2790 “

246 2894 289 2958 Α.
316 2894 418 2957 Prior
442 2915 548 2956 casus.
575 2930 619 2940 —
650 2891 706 2956 Sic
735 2892 897 2956 statuitur
925 2891 959 2954 in
987 2899 1097 2958 const.
1123 2892 1325 2976 Apostolicae

200 3007 308 3088 Sedis,
332 3007 381 3070 Du
401 3025 673 3084 suspensionibus,
695 3027 729 3069 n.
753 3005 785 3069 2.
813 3032 828 3063 «
853 3004 1117 3091 Suspensionem
1142 3027 1202 3092 per
1220 3005 1326 3070 trien-

202 3122 296 3186 nium
327 3144 346 3184 a
374 3119 555 3184 collatione
586 3119 744 3182 ordinum
774 3118 848 3205 ipso
875 3117 952 3204 jure
976 3117 1154 3182 incurrunt
1178 3117 1326 3206 aliquem

203 3235 398 3300 ordinantes
436 3232 564 3320 absque
598 3231 697 3296 titulo
733 3231 887 3296 beneficii
917 3231 972 3295 vel
1005 3231 1216 3317 patrimonii,
1249 3255 1327 3296 cum

204 3356 302 3437 pacto
321 3355 360 3412 ut
380 3347 556 3412 ordinatus
585 3369 652 3410 non
677 3352 771 3434 petat
804 3344 845 3410 ab
870 3345 953 3432 ipsis
973 3345 1146 3410 alimenta.
1176 3373 1191 3406 n
1224 3345 1327 3432 Origo

205 3463 304 3550 hujus
324 3461 558 3548 suspensionis
573 3459 747 3524 referenda
768 3459 877 3523 estad
897 3459 1099 3545 Gregorium
1122 3459 1178 3540 lX,
1200 3459 1270 3547 qui,
1293 3459 1327 3523 in

204 3599 279 3663 cap.
306 3575 343 3639 Si
363 3575 440 3661 quis
460 3575 683 3656 ordinaverit,
706 3574 765 3654 tt,
789 3573 840 3636 Du
859 3593 1005 3652 aueum,
1027 3572 1114 3637 hanc
1137 3595 1274 3660 poenam
1293 3573 1327 3636 in

205 3690 325 3755 eodem
344 3711 423 3754 casu
454 3695 488 3752 et
518 3688 587 3752 lere
611 3687 732 3752 iisdem
758 3685 913 3751 terminis
942 3686 1097 3751 sancivit.
1125 3725 1169 3735 -
1193 3688 1242 3752 De
1262 3710 1328 3774 qua

205 3803 429 3890 suspensione
448 3800 520 3866 hacc
540 3801 681 3866 dicenda
701 3819 708 3864 :

249 3939 281 3980 a.
317 3915 363 3981 Ut
389 3915 594 3994 incurratur,
626 3913 693 3977 duo
729 3911 922 4000 copulative
948 3911 1192 3999 requiruntur:
1224 3917 1253 3978 l.
1285 3913 1331 3979 Ut

206 4029 295 4094 desit
314 4027 435 4092 titulus
455 4027 608 4092 beneficii
628 4027 683 4090 vel
709 4025 919 4113 patrimonii:
950 4025 982 4088 2.
1009 4024 1054 4090 Ut
1081 4025 1170 4090 adsit
1193 4034 1330 4112 pactum

239 4247 247 4280 ¹
267 4247 326 4296 Lon.
342 4245 398 4303 cit,
415 4261 440 4308 p.
457 4249 511 4294 tto.

240 4325 251 4359 ²
268 4324 336 4373 ibid.
