3270 5050
329 440 345 492 8
595 443 639 491 DE
659 441 796 492 LEGIBUS
816 441 929 492 SACEAE
948 439 1186 492 onnlnnrtonls

329 592 469 650 centes:
495 613 509 644 e
532 583 630 651 Unde
649 583 828 672 presbyter
848 583 1027 672 lschyras‘t
1047 582 1121 663 Quo
1142 581 1343 646 ordinante?
1361 580 1454 645 Num

329 697 551 764 Collutho‘t..
574 698 681 786 Atqui
702 697 900 764 Colluthum
914 697 1160 785 presbyterum
1179 696 1298 762 obiisse
1316 696 1453 759 ambes-

327 835 393 897 que
412 813 488 898 ejus
501 835 621 878 manue
638 813 710 877 sine
729 814 929 877 auctoritate
947 813 1069 898 subsc,
1087 809 1245 876 omnibus
1264 816 1384 874 notum
1398 815 1453 873 est

327 933 361 990 et
385 925 472 991 nulli
495 925 636 992 dubium
650 931 672 992 ¹.
699 926 833 994 »Unde
858 949 900 991 ex
924 925 987 990 hoc
1010 926 1085 1012 ipso
1105 931 1140 989 et
1159 925 1232 990 solo
1251 924 1342 1012 quod
1361 921 1452 987 ordi-

328 1047 426 1104 nator
448 1063 515 1104 non
541 1040 662 1106 fuisset
687 1041 882 1128 episcopus,
904 1039 1102 1105 conclusum
1127 1045 1180 1104 est
1203 1038 1451 1102 ordinationem

327 1152 429 1218 fuisse
455 1176 594 1242 prorsus
624 1153 829 1234 invalidnm;
859 1193 903 1204 -
931 1155 963 1218 t.
997 1154 1033 1220 S.
1065 1149 1292 1241 Epiphanius,
1323 1151 1450 1215 Contra

328 1267 481 1352 hereses,
508 1267 588 1332 hear.
615 1288 718 1349 cxxv,
745 1291 780 1334 n.
807 1267 844 1348 l,
866 1268 993 1333 diserte
1017 1267 1143 1334 docet:
1166 1294 1181 1328 α
1206 1266 1450 1355 Episcoporum

326 1381 408 1445 ordo
434 1381 479 1445 ad
501 1383 690 1468 qiqnendoe
708 1390 826 1468 petras
849 1382 1019 1468 praecipue
1037 1383 1208 1467 pertinet‚·
1234 1381 1335 1469 hujus
1359 1379 1451 1444 enim
1556 1469 1559 1476 Α

326 1501 395 1576 est,
421 1503 557 1582 patrum
585 1496 620 1560 in
646 1495 797 1561 Ecclesia
827 1496 1040 1584 propagatio.
1071 1496 1171 1561 Alter
1198 1494 1299 1582 (ordo
1327 1516 1450 1579 nempe

326 1607 638 1698 presbyterorum),
667 1632 745 1674 cum
770 1618 888 1695 potres
915 1632 981 1675 non
1003 1611 1127 1695 possit,
1156 1609 1244 1675 filios
1271 1608 1448 1684 Ecclesia,

205 1759 206 1762 κ
325 1723 590 1809 regenerationis
620 1722 765 1804 lotione,
800 1724 973 1812 producit,
1005 1746 1072 1788 non
1104 1731 1215 1788 temen
1243 1731 1361 1808 patres
1391 1728 1451 1784 eut

327 1838 518 1922 maqistros.
546 1837 696 1916 Quinam
723 1859 804 1902 vero
833 1838 905 1902 fieri
934 1843 1064 1925 potest,
1092 1838 1186 1902 ntis
1212 1835 1450 1925 presbyterum

326 1951 526 2033 constituat,
558 1952 601 2016 ad
629 1973 731 2039 quem
757 1951 940 2016 creandum
972 1973 1134 2016 manuum
1168 1950 1450 2036 importandorum

319 2065 383 2148 jus
404 2065 540 2129 nultum
561 2066 730 2130 hebeat'?
753 2093 768 2126 n
783 2105 827 2114 -
842 2067 874 2132 5.
897 2065 931 2130 S.
954 2065 1233 2152 Chrysostomus,
1255 2063 1374 2146 Hom.,
1397 2083 1446 2141 xi,

326 2177 367 2240 In
381 2177 403 2240 I
423 2177 586 2263 Timore„
604 2203 638 2245 n.
654 2181 685 2260 l,
702 2179 847 2266 loquens
862 2180 903 2244 de
917 2179 1115 2267 praestantia
1131 2179 1365 2266 episcoporum
1381 2197 1450 2262 prm

326 2289 552 2378 presbyteris,
577 2293 648 2359 ait:
673 2321 689 2354 «
711 2293 790 2360 Sola
814 2293 939 2382 quippe
959 2293 1171 2358 ordinatione
1190 2291 1381 2379 superiores
1400 2289 1450 2354 illi

327 2411 418 2486 sunt,
436 2412 537 2494 atque
553 2406 617 2473 hoc
632 2413 767 2472 tantum
781 2409 860 2494 plus
874 2429 977 2494 quam
989 2405 1180 2494 presbyteri
1194 2403 1319 2470 habere
1334 2405 1450 2468 viden-

327 2519 418 2600 tur³;
436 2545 452 2582 n
465 2557 510 2571 -
522 2521 553 2586 6.
573 2519 656 2599 Quae
670 2521 774 2587 verba
790 2519 1027 2608 Chrysostomi
1042 2521 1139 2610 quasi
1159 2542 1218 2584 sua
1238 2519 1318 2585 fecit
1330 2519 1450 2584 Hiero-

328 2656 464 2719 nymus,
482 2634 612 2716 dicens,
630 2636 741 2721 Epist.
747 2687 758 2719 ,
774 2655 881 2714 cxnvr,
898 2635 957 2699 Ad
972 2635 1197 2720 Evanqelum,
1215 2657 1250 2700 n.
1269 2637 1284 2697 l
1301 2653 1309 2701 τ
1326 2661 1342 2694 n
1361 2631 1450 2711 Quid

327 2749 418 2811 enim
437 2748 533 2830 facit,
551 2758 687 2835 eccepto
703 2751 930 2832 ordinatione,
948 2747 1143 2836 episcopus,
1164 2749 1255 2837 quod
1273 2746 1451 2836 presbyter

327 2883 395 2926 non
416 2861 515 2928 faciat
530 2864 567 2928 ⁴?
589 2891 605 2923 »

373 2997 402 3039 c.
428 2975 498 3058 Usu
518 2977 685 3040 constanti
703 2984 736 3040 et
756 2976 938 3041 universati
957 2975 1128 3058 Ecclesia,
1150 2975 1249 3063 juxta
1265 2998 1368 3062 quem
1387 2974 1450 3039 soli

329 3087 495 3175 episcopi,
529 3088 738 3176 quibuslibet
766 3089 842 3155 aliis
871 3089 1036 3171 exclusis,
1068 3087 1227 3154 ordinant
1254 3089 1447 3177 episcopeo,

329 3201 561 3290 presbyteros,
593 3211 652 3269 aut
675 3203 846 3271 diaconos.
877 3243 921 3254 --
950 3203 1024 3268 Hoc
1049 3211 1163 3268 autem
1189 3209 1309 3291 patet:
1340 3206 1370 3268 l.
1401 3203 1450 3267 Ex

284 3365 288 3374 .
331 3317 428 3380 tibris
451 3317 709 3402 Pontificelibus
733 3325 791 3382 aut
814 3319 1010 3384 Bituatibue
1032 3319 1138 3383 totius
1162 3317 1338 3399 Ecclesiae,
1365 3340 1451 3404 quo-

329 3451 404 3493 rum
423 3429 545 3516 viginti
564 3407 635 3496 tres
657 3431 793 3497 exhibet
814 3431 970 3502 Mertene
984 3437 1007 3515 Β,
1033 3433 1068 3496 in
1088 3430 1227 3519 quibus,
1252 3432 1363 3520 quoad
1382 3439 1451 3496 tres

315 3543 437 3643 dictas
456 3545 703 3624 ordinationes,
725 3546 900 3612 ordinator
923 3553 1086 3635 perpetuo
1105 3545 1302 3634 perhibetur
1320 3545 1451 3632 episco-

361 3779 371 3814 ¹
388 3781 471 3843 Apud
489 3782 682 3840 Athanasium,
702 3783 838 3847 Apologia
857 3785 954 3832 contra
975 3782 1106 3840 Arianos,
1128 3799 1153 3830 n.
1175 3787 1217 3838 m
1237 3781 1340 3843 Mtgne,
1361 3781 1391 3829 P.
1411 3782 1450 3838 G„

329 3861 349 3908 t.
365 3874 426 3918 xxv,
444 3859 495 3908 col.
514 3865 567 3907 270.

361 3937 491 3999 'Migne,
508 3937 537 3986 P.
555 3939 595 3996 6.,
612 3941 631 3986 t.
648 3955 711 3998 nun,
725 3941 777 3990 col.
794 3945 847 3987 507.

361 4015 372 4050 ³
389 4015 493 4078 Mignc.
509 4017 538 4064 P.
556 4017 596 4074 6.,
609 4021 627 4066 t.
644 4033 708 4076 nnn,
724 4019 775 4066 col.
792 4023 847 4066 553.

361 4097 371 4130 ⁴
389 4093 493 4155 Migne,
509 4094 539 4143 P.
556 4095 596 4152 Ι...
615 4099 634 4144 t.
651 4097 866 4154 xxn‚col.1194.

363 4173 428 4220 ⁶De
442 4171 566 4236 antiquis
579 4172 705 4222 Ecclesiae
721 4173 829 4232 ritibus,
845 4175 926 4233 lib.1‚
942 4190 966 4224 c.
983 4191 1037 4234 vni,
1053 4178 1104 4224 art.
1121 4178 1159 4232 11,
1175 4173 1295 4232 Bassam,
1307 4175 1376 4230 1788,
1394 4175 1412 4220 t.
1425 4187 1452 4230 n,

330 4267 357 4313 p.
373 4255 482 4299 ao-tm.
