3290 5060
314 415 365 469 136
580 419 624 470 DE
643 421 782 470 LEGIBUS
801 420 915 470 SACRAE
934 419 1171 470 onolnntlonts

360 561 398 624 1⁰⁴
411 560 444 626 Si
465 561 570 626 abbas
590 563 741 627 nondum
759 564 924 647 sacerdos,
947 563 1007 628 sed
1027 570 1177 642 tantum,
1199 587 1232 627 v.
1254 585 1303 649 g.,
1325 562 1444 628 diaco-

313 699 393 754 nus,
416 677 670 764 praesumpserit
689 677 824 742 ordines
844 677 991 742 minores
1011 677 1178 757 conferre,
1200 677 1367 742 ordinatio
1387 685 1445 742 est

314 791 424 854 irrita.
451 829 494 838 ·-
518 790 619 855 Ratio
646 798 698 856 est
723 790 818 879 quia,
845 813 887 854 ex
914 789 1065 856 textibus
1091 790 1224 856 concilii
1248 791 1379 854 Nicaeni
1406 797 1443 855 et

315 905 544 969 Romanorum
565 904 770 968 Pontificum
799 927 899 992 supro
928 905 980 991 (n.
1008 905 1080 992 50)
1107 904 1240 986 relatis,
1266 911 1304 968 ut
1334 903 1443 969 abbas

312 1017 421 1104 possit
441 1017 575 1082 ordines
590 1018 754 1100 conferre,
772 1019 955 1107 requiritur
973 1019 1111 1083 omnino
1128 1027 1165 1084 ut
1183 1019 1228 1083 sit
1243 1020 1437 1104 presbyter.

315 1132 421 1218 Ergo,
440 1132 467 1195 si
488 1154 555 1196 non
576 1132 622 1198 sit
640 1133 830 1220 presbyter,
849 1133 883 1197 ei
899 1155 966 1197 non
986 1132 1126 1220 prodest
1144 1133 1361 1221 privilegium
1379 1156 1442 1196 seu

314 1245 487 1310 concessio
507 1247 641 1311 concilii
660 1254 694 1311 et
709 1247 913 1311 Pontificum
933 1248 1180 1328 Romanorum,
1198 1254 1233 1312 et
1251 1245 1326 1310 ideo
1344 1269 1441 1333 pror-

313 1383 371 1424 sus
391 1359 485 1424 irrita
506 1367 558 1424 est
577 1361 745 1425 ordinatio
765 1359 807 1425 ab
827 1361 901 1448 ipso
921 1360 1007 1425 forte
1026 1367 1176 1449 peracta.

332 1483 336 1492 “
358 1474 395 1536 20
409 1474 445 1539 Si
465 1473 569 1538 abbas
589 1475 634 1539 sit
653 1475 791 1565 quidem
810 1474 1001 1563 presbyter,
1019 1475 1079 1540 sed
1098 1499 1166 1540 non
1186 1476 1378 1540 benedictus
1397 1475 1442 1538 ab

314 1589 480 1674 episcopo,
508 1588 635 1675 pariter
658 1589 752 1654 irrita
776 1599 828 1654 est
856 1589 993 1654 collatio
1023 1596 1173 1654 tonsurae
1199 1596 1256 1654 aut
1284 1589 1441 1652 ordinum

315 1701 356 1766 ab
376 1702 449 1790 ipso
469 1708 606 1788 peracta
620 1701 700 1790 (nisi
720 1709 835 1766 tamen
855 1702 1012 1768 inciderit
1030 1726 1118 1768 unus
1138 1726 1180 1767 ex
1200 1703 1331 1767 casibus
1350 1724 1443 1764 errr-

310 1817 381 1901 ptis
405 1839 522 1903 supra,
545 1839 580 1880 n.
603 1816 670 1902 52,
690 1816 736 1896 2⁰,
759 1815 970 1906 descriptisb
991 1817 1155 1882 —Ratio
1182 1817 1299 1914 eadem
1326 1823 1377 1879 est
1403 1839 1442 1878 ac

315 1951 435 2018 supra;
458 1938 540 1994 tunc
559 1930 650 1994 enim
669 1930 740 2016 agit
760 1931 833 1994 sine
852 1931 923 1995 ullo
942 1931 1135 2019 privilegio,
1155 1938 1188 1996 et
1207 1929 1347 2018 proinde
1368 1937 1443 1995 tan-

315 2066 419 2130 quam
450 2043 596 2130 simplex
625 2042 815 2132 presbyter,
847 2045 905 2132 qui
936 2043 1175 2132 proculdubio,
1202 2045 1231 2110 si
1259 2050 1442 2110 attentaret

315 2156 451 2221 ordines
466 2157 614 2222 minores
630 2157 794 2240 conterre,
812 2159 897 2223 nihil
915 2182 1053 2246 prorsus
1068 2167 1195 2245 ageret.
1215 2158 1444 2224 Confirmatur

316 2271 486 2341 constanti
510 2271 545 2337 S.
569 2271 696 2359 Congr.
718 2271 862 2337 Concilii
883 2273 1169 2361 jurisprudentia,
1191 2295 1266 2360 qua*
1291 2295 1379 2358 saepe
1404 2293 1443 2335 ea

318 2385 358 2450 de
378 2407 413 2449 re
433 2385 602 2468 consulta,
619 2393 784 2474 perpetuo
804 2387 839 2451 in
858 2388 921 2452 hoc
941 2410 1044 2452 sensu
1064 2387 1252 2473 respondit,
1269 2393 1308 2451 ut
1328 2385 1443 2450 statim

318 2499 459 2564 dicetur.
478 2501 735 2566 -Notandum
755 2509 808 2565 est
827 2500 986 2565 abbatem
1003 2524 1069 2564 non
1085 2502 1328 2587 presbyterum
1343 2499 1445 2564 bene-

318 2613 383 2678 dici
403 2637 471 2678 non
491 2636 608 2701 posse3
631 2615 718 2680 ritus
738 2615 829 2679 enim
849 2615 951 2702 hujus
974 2613 1220 2680 benedictionis
1246 2620 1445 2701 supponunt

318 2728 456 2792 omnino
476 2726 633 2792 abbatem
653 2751 727 2794 esse
746 2727 996 2817 presbyterum.

364 2843 396 2907 3ο
417 2842 452 2906 Si
471 2841 587 2922 abbas,
609 2843 830 2930 quantumvis
850 2841 1061 2922 benedictus,
1081 2844 1233 2907 dimittat
1252 2843 1443 2924 abbatiam,

319 2957 444 3042 pariter
463 2957 557 3021 irrita
572 2963 624 3021 est
643 2957 811 3021 ordinatio
831 2957 874 3021 ab
894 2980 933 3020 eo
950 2957 1036 3021 sacta
1056 2963 1134 3044 post
1149 2957 1323 3020 dimissam
1335 2955 1447 3020 'abbu-

320 3069 413 3133 tiam.
438 3108 478 3120 -
499 3070 599 3135 Ratio
619 3077 672 3135 est
690 3071 785 3158 quia,
808 3077 847 3134 ut
866 3077 960 3158 patet
980 3094 1021 3134 ex
1041 3071 1158 3135 relatis
1177 3069 1327 3135 textibus
1347 3091 1442 3132 conc.

320 3183 447 3247 Nicaeni
467 3191 500 3248 et
521 3185 751 3250 Romanorum
772 3184 991 3265 Pontificum,
1012 3183 1229 3277 privilegium
1249 3182 1447 3248 conceditur

316 3302 478 3382 praesecto
499 3299 704 3382 monasterii,
723 3321 784 3363 seu
803 3299 920 3363 abbati
927 3317 941 3380 ,·
961 3321 1060 3385 porro
1077 3299 1136 3386 qui
1156 3296 1286 3361 dimisit
1306 3319 1444 3374 munuS,

321 3433 388 3474 non
402 3412 546 3500 amplius
560 3420 612 3478 est
623 3411 740 3478 abbas.
752 3412 980 3478 Confirmatur
988 3411 1257 3500 jurisprudentia
1271 3409 1305 3476 S.
1317 3409 1444 3497 Congr.

321 3523 480 3604 concilii,
503 3549 577 3614 queo
597 3549 665 3590 non
686 3525 792 3591 semel
810 3527 845 3590 in
865 3525 928 3590 hoc
948 3549 1051 3590 sensu
1071 3525 1262 3612 respondit,
1285 3548 1318 3589 v.
1340 3547 1389 3610 g.,
1411 3523 1447 3588 in

320 3661 422 3703 causa
443 3638 723 3726 Conpreqationis
744 3641 939 3724 Olivetanae,
961 3640 1004 3706 20
1025 3647 1113 3728 sept.
1134 3637 1259 3720 1788¹;
1281 3645 1448 3702 memorat

321 3753 414 3818 aliud
433 3753 600 3850 ejusmodi
619 3777 822 3841 responsum
842 3753 1057 3840 Pignatelli2.

366 3869 401 3932 4⁰
416 3867 452 3934 Si
466 3866 572 3933 abbas
586 3868 631 3933 sit
645 3874 779 3932 tantum
795 3869 961 3952 titularis,
977 3867 1012 3932 id
1027 3874 1096 3949 est,
1111 3864 1445 3952 sinejurisdictione,

322 4005 383 4048 nee
413 3981 543 4049 habens
574 3981 745 4064 subditos,
780 3983 906 4071 pariter
933 3981 1028 4047 irrita
1059 3986 1111 4046 est
1139 3979 1306 4044 ordinatio
1335 3977 1377 4043 ab
1406 3999 1448 4042 eo

355 4155 363 4188 ¹
382 4155 508 4205 Refertur
522 4153 548 4202 in
562 4151 631 4215 [otio
644 4165 732 4201 cousoe
744 4151 887 4210 Cotteusis,
899 4154 928 4199 ot
938 4151 1080 4214 jan.1795;
1096 4150 1259 4207 Thesaurus,
1272 4153 1291 4198 t.
1304 4163 1372 4207 nxrv,
1384 4163 1411 4210 p.
1423 4152 1447 4196 6.

355 4235 366 4269 ²
384 4233 506 4283 Consutt.
522 4247 591 4289 cau„
609 4235 628 4280 t.
650 4247 671 4289 ι,
687 4245 762 4278 cons.
779 4235 837 4290 ³69,
855 4245 880 4278 n.
897 4233 924 4289 5;
941 4228 1060 4278 Coloniae
1075 4228 1244 4292 Agrippino,
1260 4231 1335 4286 171⁸,
1351 4241 1377 4288 p.
1391 4228 1448 4273 345.
