3270 5050
359 476 394 529 66
626 476 670 526 DE
689 475 826 526 LEGIBUS
847 475 960 526 SACRAE
979 473 1215 526 ORDleTIONlS

359 639 428 702 quae
439 637 531 700 supra
541 617 624 678 dicta
637 625 710 677 sunt
721 617 761 677 de
774 617 1015 692 consuetudine,
1031 638 1086 699 per
1095 617 1199 698 priora
1214 615 1328 675 saecula
1342 616 1480 694 vigente,

359 745 518 806 nunquam
533 722 665 783 iterandi
679 721 891 784 ordinationes
906 722 945 783 ab
957 723 1111 783 haereticis
1127 721 1234 784 iactae.

387 941 454 1004 21.
467 973 511 986 -
531 937 711 1002 saulum
725 940 831 1020 V1113
851 939 896 1001 de
913 937 1201 1001 ordinationibus
1214 951 1235 998 a
1250 933 1481 998 constamine

347 1045 471 1108 stetis.

398 1154 427 1208 1ο
439 1149 500 1208 Vix
514 1147 780 1209 mortuoPaulol
796 1149 971 1224 (ssi-767),
989 1148 1085 1209 laicus
1097 1147 1240 1230 quidam,
1255 1145 1479 1206 Constantinus

355 1255 497 1328 nomine,
511 1254 545 1312 vi
561 1261 594 1313 et
604 1253 706 1313 armis
723 1253 841 1313 invasit
860 1253 964 1313 sedem
981 1253 1201 1335 apostolicam,
1219 1251 1336 1332 recepit
1351 1257 1403 1309 aut
1421 1270 1477 1329 po-

344 1361 416 1419 ·tius
442 1359 573 1440 arripuit
596 1378 705 1418 ornnes
720 1357 853 1418 ‘ordines
880 1380 977 1440 usque
1003 1359 1043 1418 ad
1069 1359 1284 1439 episcopatum
1308 1355 1476 1426 inclusive,

354 1463 522 1545 sedemque
532 1463 723 1544 pontificium
738 1463 840 1522 tenuit
850 1485 906 1544 per
920 1485 1041 1524 menses
1057 1463 1222 1536 tredecim3
1239 1462 1357 1522 interea
1372 1467 1475 1520 autem

353 1568 599 1629 ordinavitocto
619 1568 798 1648 episcopos,
818 1576 891 1628 octo
908 1568 1122 1649 presbyteros,
1142 1575 1278 1648 quatuor
1293 1566 1441 1626 diaconos
1454 1563 1474 1624 ¹.

345 1709 391 1719 —
413 1673 621 1734 Canentem
633 1672 819 1753 Stephanus
847 1673 892 1733 lll
917 1673 1106 1755 (768-772),
1132 1673 1289 1752 legitimus
1313 1671 1474 1742 Pontifex,

352 1779 560 1839 Constantino
579 1777 710 1860 expulso
730 1778 944 1853 successisset,
969 1778 1074 1838 statim
1096 1778 1198 1858 coegit
1220 1777 1401 1850 concilium,
1425 1778 1474 1836 cui

351 1885 441 1943 multi
457 1883 567 1943 Galliac
582 1883 720 1964 episcopi
736 1883 961 1957 interfuerunt;
978 1891 1046 1944 orta
1060 1891 1107 1942 est
1121 1890 1224 1942 autem
1241 1882 1372 1963 quaestio
1385 1882 1424 1942 de
1438 1883 1476 1941 iis

348 1989 403 2070 qui
422 1988 547 2047 fuerant
566 2009 583 2047 a
604 1987 811 2048 Constantino
831 1987 979 2048 ordinati.
1000 1987 1097 2048 Porro
1117 1988 1184 2048 hoec
1199 1995 1316 2048 statuta
1336 1995 1424 2058 sunt,
1439 1995 1473 2047 ut

348 2089 568 2152 narratbiber
582 2090 804 2174 Pontificatis:
823 2117 837 2149 a
854 2093 902 2152 De
917 2092 1070 2174 episcopis
1085 2113 1161 2152 vero
1176 2100 1269 2174 atque
1286 2091 1474 2174 presbyteris

349 2205 381 2257 et
396 2196 538 2256 diaconis
557 2217 636 2280 quos
657 2195 723 2279 ipse
742 2196 968 2259 Constantinus
987 2207 1237 2276 consecraverat,
1253 2199 1297 2259 ita
1316 2199 1348 2257 iu
1363 2199 1472 2258 eodem

349 2302 482 2362 concilio
492 2300 726 2382 promulgatum
736 2309 784 2362 est
794 2319 802 2362 ε
814 2308 849 2362 ut
859 2303 997 2384 episcopi
1007 2303 1064 2377 illi,
1077 2304 1102 2363 si
1111 2303 1221 2385 aliquis
1230 2325 1337 2364 eorum
1348 2304 1474 2384 presby-

348 2413 398 2467 ter
410 2413 465 2467 aut
479 2406 629 2467 diaconus
649 2407 761 2482 luerit,
777 2408 809 2467 in
828 2408 994 2489 pristinum
1012 2409 1140 2469 honoris
1157 2410 1205 2469 sui
1222 2409 1352 2488 gradum
1368 2429 1472 2468 rever-

348 2519 506 2586 terentnr;
532 2519 564 2572 et
587 2513 612 2570 si
636 2513 787 2594 placabile
814 2513 925 2574 luisset
950 2534 1054 2574 coram
1082 2514 1199 2595 populo
1228 2515 1364 2575 civitatis
1392 2537 1471 2588 suu,

260 2665 261 2668 ,
348 2617 452 2678 denuo
469 2617 552 2676 lacto
571 2616 698 2677 decreto
714 2616 892 2694 electionis,
909 2639 995 2679 more
1015 2619 1124 2694 solito,
1142 2619 1180 2679 ad
1200 2620 1402 2700 apostolicam
1417 2621 1474 2680 ad-

347 2722 509 2782 uenissent
520 2721 732 2801 (advenirent)
745 2723 865 2798 sedern,
880 2731 913 2784 et
926 2721 968 2784 ab
980 2723 1089 2786 eodem
1100 2723 1299 2785 sanctissimo
1314 2723 1473 2806 Stephano

343 2846 430 2908 papa
448 2825 679 2888 benedictionis
698 2827 895 2910 susciperent
912 2828 1188 2890 consecrationem.
1205 2829 1382 2911 Presbyteri
1397 2851 1473 2890 vero

347 2953 384 2991 ac
398 2931 521 2990 diaconi
533 2929 576 2991 ab
588 2930 695 2991 eodem
707 2931 913 2994 Constantino
924 2940 1097 2996 consecrata
1104 2981 1113 3011 ,
1127 2935 1220 2994 simili
1232 2935 1327 2996 modo
1337 2936 1368 2994 in
1384 2935 1471 2995 illum
1548 3018 1551 3022 ι

348 3057 410 3117 quo
434 3036 520 3116 prius
543 3037 719 3096 existebant
740 3036 881 3098 habitum
902 3047 1144 3100 reverterentur.
1167 3041 1207 3099 Et
1226 3041 1427 3121 postmodum
1447 3043 1471 3100 si

348 3141 402 3222 qui
416 3161 524 3200 eorum
541 3140 707 3222 placabiles
722 3143 891 3203 existerent
906 3145 1045 3204 antelato
1060 3144 1240 3206 beatissimo
1255 3147 1407 3226 pontifici,
1422 3167 1472 3206 eos

346 3243 551 3328 presbyteros
574 3251 629 3306 aut
653 3245 801 3308 diaconos
822 3255 1056 3310 consecraret...
1080 3251 1128 3310 De
1149 3250 1235 3310 laicis
1255 3271 1330 3311 vero
1353 3252 1406 3332 qui
1430 3250 1472 3312 ab

348 3349 455 3410 eodem
476 3349 682 3412 Constantino
701 3359 756 3412 eut
769 3352 957 3435 presbyteri
974 3361 1029 3415 aut
1047 3353 1175 3415 diaconi
1193 3355 1469 3432 consensissent,

348 3457 390 3515 ita
405 3455 638 3536 promulgatum
648 3464 710 3533 est,
723 3465 758 3518 ut
771 3457 804 3517 in
819 3457 965 3538 religioso
981 3458 1089 3520 habitu
1102 3461 1222 3521 cunctis
1237 3460 1347 3522 diebus
1362 3483 1470 3522 eornm

349 3560 437 3634 vitas,
457 3561 523 3620 sive
542 3561 572 3620 in
594 3562 728 3643 propriis
743 3563 903 3636 domibus,
920 3564 969 3623 vel
986 3565 1038 3625 ubi
1059 3564 1206 3640 luissent,
1223 3587 1404 3647 permanere
1419 3567 1471 3628 de-

348 3665 456 3726 berent
470 3663 492 3725 ¹.
518 3689 532 3722 n
554 3666 601 3726 De
626 3666 709 3726 fecto
731 3667 869 3749 episcopi
888 3668 932 3727 illi
956 3693 971 3724 ι(
995 3670 1048 3752 qui
1070 3668 1111 3731 ab
1133 3669 1240 3731 eodem
1263 3669 1470 3732 Constantino

348 3767 490 3829 ordinati
503 3777 576 3831 sunt
593 3793 655 3849 »pa
666 3771 849 3833 civitatibus
862 3773 925 3834 suis
939 3773 1030 3835 electi
1045 3782 1132 3848 sunt,
1150 3783 1182 3836 et
1193 3801 1208 3832 a
1220 3775 1259 3836 nb
1274 3776 1385 3837 eodem
1400 3797 1472 3837 sen·

347 3873 486 3934 utissimo
504 3896 585 3956 papa
603 3877 778 3938 consecrati
790 3883 902 3941 sunt...
918 3878 967 3939 lta
986 3880 1115 3940 enimin
1132 3882 1392 3943 eodemuoncilio
1407 3893 1472 3944 sta-

347 3985 451 4039 tutum
473 3987 535 4054 est,
558 3989 593 4041 ut
615 3979 721 4042 omnia
743 4003 813 4065 quae
835 3981 920 4044 idem
943 3982 1168 4048 Constantinus
1191 3987 1224 4048 in
1248 3987 1472 4051 ecclesiasticis

378 4132 484 4182 ¹Liber
503 4133 684 4198 Pontificatis,
705 4135 766 4185 Vita
788 4136 919 4201 Stephani
936 4137 980 4186 lli
997 4139 1152 4206 (ios-772),
1172 4142 1214 4191 ed.
1234 4141 1394 4202 Duchesne‚
1416 4148 1435 4192 t.
1453 4161 1470 4204 r,

347 4225 374 4274 p.
390 4213 510 4261 sss-sse.

378 4288 488 4340 ¹Liber
504 4289 686 4354 Pontificatis,
708 4291 767 4342 Vita
780 4293 912 4358 Stephani
926 4295 979 4355 Ill,
996 4311 1022 4346 u.
1039 4303 1081 4358 21,
1098 4300 1116 4348 t.
1134 4313 1155 4357 ι,
1171 4313 1198 4362 p.
1215 4301 1269 4348 iio.
