3248 5052
361 452 413 506 608
717 457 760 506 DE
779 455 885 506 stent
905 457 1133 508 ORDlNlTlONE

359 606 563 670 censuerunt,
579 597 726 672 consilio,
742 619 778 658 ac
793 599 884 660 etiam
901 607 988 658 motu
1010 601 1135 680 proprio
1151 608 1235 662 etex
1250 611 1333 661 certa
1355 603 1487 664 scientia

359 703 390 756 et
406 703 525 754 matura
542 695 767 755 deliberatione
782 694 914 766 Nostris,
929 695 1030 776 deque
1045 696 1225 777 apostolicae
1240 699 1404 779 potestatis
1417 699 1488 779 ple-

360 791 516 866 nitudine,
544 791 583 851 ad
609 791 831 872 omnipotentis
859 791 916 852 Dei
942 792 1090 871 gloriam,
1123 793 1268 853 Ecclesia*
1298 795 1486 868 utilitatem,

358 888 472 948 veteris
500 887 672 968 disciplinae
704 887 962 948 instaurationem
994 889 1153 970 totiusque
1187 890 1346 950 christiani
1376 893 1487 972 populi

357 984 611 1056 aedificationem,
629 985 686 1044 hac
706 983 841 1063 generali
858 983 971 1044 Nostra
992 992 1023 1044 et
1042 993 1193 1066 perpetuo
1214 987 1346 1046 valitura
1367 988 1488 1048 consti·

357 1083 495 1156 tutione,
512 1082 709 1141 decernimus
724 1089 756 1140 et
770 1081 964 1140 declaramus
979 1099 986 1141 :

398 1177 482 1237 Nulli
505 1178 651 1258 episcopo
674 1198 726 1236 seu
747 1174 885 1257 cujusvis
907 1175 967 1236 loci
990 1175 1172 1251 Ordinario,
1195 1179 1318 1237 tametsi
1338 1179 1486 1238 cardina·

356 1273 437 1334 latus
451 1274 571 1334 honore
586 1273 719 1352 fulgeat,
737 1274 829 1332 licere
849 1283 1012 1334 externum
1028 1269 1205 1354 quempiam
1226 1295 1262 1334 ac
1282 1275 1338 1333 sibi
1360 1277 1486 1336 ratione

356 1371 484 1450 originis
504 1392 558 1430 seu
578 1369 726 1430 domicilii
739 1370 829 1450 juxta
852 1370 980 1430 modum
1005 1371 1135 1430 interius
1158 1370 1377 1432 declarandum
1404 1373 1483 1452 legi-

355 1469 429 1527 time
442 1467 594 1527 contracti
609 1487 670 1526 non
684 1466 855 1540 subditum,
868 1466 907 1527 ad
920 1467 1093 1527 clericalem
1107 1473 1268 1527 tonsuram
1281 1489 1483 1549 promovere,

355 1563 493 1647 cujusuis
515 1563 655 1623 beneficii
678 1563 879 1623 ecclesiastici
904 1563 931 1623 ei
955 1563 1058 1623 statim
1083 1584 1119 1623 ac
1146 1571 1272 1624 tonsura
1300 1564 1482 1645 hujusmodi

354 1661 520 1738 insignitus
535 1660 629 1720 luerit
643 1659 840 1731 conterendi,
857 1681 911 1719 seu
931 1659 971 1720 ad
991 1660 1074 1740 quod
1091 1659 1117 1720 is
1131 1681 1148 1720 a
1164 1661 1304 1740 patronis
1316 1661 1380 1740 jam
1399 1683 1482 1743 prae-

355 1765 494 1816 sentatus
521 1777 574 1815 seu
603 1757 781 1817 nominatus
809 1755 917 1832 suerit,
946 1765 1118 1836 praetextu,
1144 1757 1265 1816 etiamsi
1294 1758 1480 1818 beneficium

354 1853 537 1934 praedictum
556 1852 594 1911 de
618 1873 700 1911 novo
724 1873 759 1912 ea
784 1873 929 1932 expressa
954 1851 1074 1932 adjecta
1100 1852 1168 1930 lege
1192 1853 1356 1913 fundatum
1382 1853 1480 1914 luisse

353 1949 540 2018 constiterit,
554 1955 588 2006 ut
601 1949 670 2029 quis
684 1947 862 2006 immediate
876 1955 947 2028 post
959 1947 1132 2007 clericalem
1147 1947 1356 2008 characterem
1372 1970 1479 2026 susce-

353 2053 441 2124 ptum
457 2043 495 2102 ad
512 2043 588 2104 illud
604 2044 797 2104 instituatur.

394 2140 546 2200 Praeterea
571 2140 734 2212 clericum,
758 2139 811 2219 qui
837 2139 974 2218 legitime
993 2139 1057 2220 jam
1081 2161 1097 2198 a
1119 2140 1248 2220 proprio
1269 2143 1416 2222 episcopo
1439 2141 1477 2201 ad

352 2236 492 2296 eamdem
508 2237 682 2297 clericalem
697 2245 856 2295 tonsuram
872 2257 926 2295 seu
942 2235 1087 2296 etiamad
1104 2238 1239 2296 minores
1255 2237 1390 2310 ordines,
1406 2259 1477 2318 pro·

352 2341 454 2394 motus
470 2333 575 2404 luerit,
591 2353 652 2392 non
669 2351 758 2412 posse
774 2331 812 2392 ab
827 2333 888 2392 alio
904 2333 1062 2413 episcopo,
1078 2333 1198 2392 ratione
1214 2353 1249 2392 ac
1265 2334 1356 2393 titulo
1371 2335 1476 2414 cujus-

351 2450 484 2511 cumque
507 2429 646 2488 beneficii
669 2429 700 2487 in
723 2428 805 2487 illius
830 2427 957 2488 diiecesi
980 2429 1115 2504 obtenti,
1141 2429 1179 2488 ad
1202 2429 1329 2488 altiores
1350 2430 1476 2490 ordines

351 2527 539 2609 promoveri,
555 2527 614 2584 nisi
630 2535 700 2586 ante
716 2525 896 2586 eorumdem
912 2526 1141 2606 susceptionem
1156 2525 1380 2586 testimoniales
1392 2527 1475 2587 litte·
1526 2564 1529 2573 ·

351 2645 400 2683 ras
424 2623 539 2704 proprii
566 2622 718 2702 episcopi,
745 2629 808 2680 tem
833 2623 977 2700 originis,
1003 2642 1096 2702 quam
1121 2621 1270 2682 domicilii
1294 2644 1388 2703 super
1412 2625 1475 2684 suis

351 2720 520 2796 natalibus,
533 2726 640 2790 aetate,
658 2717 796 2778 moribus
812 2725 843 2777 et
859 2719 921 2777 vita
938 2719 995 2776 sibi
1011 2718 1141 2778 concedi
1156 2718 1343 2792 obtinuerit,
1360 2741 1474 2800 easque

349 2817 496 2897 episcopo
531 2814 687 2874 ordinanti
719 2815 750 2874 in
784 2815 861 2874 actis
890 2813 973 2873 illius
1004 2815 1097 2874 curiae
1126 2815 1355 2874 conservandas
1388 2817 1474 2876 exhi·

349 2913 461 2972 buerit.

389 3010 475 3068 Licet
491 3029 565 3068 vero
581 3009 711 3067 clericus
727 3007 847 3066 ratione
867 3006 1005 3086 cujusvis
1023 3005 1163 3066 beneficii
1179 3007 1211 3066 in
1230 3007 1330 3067 aliena
1345 3009 1472 3069 dioecesi

348 3105 468 3166 obtenti
489 3105 600 3185 subjici
616 3104 737 3164 dicatur
752 3102 962 3183 jurisdictioni
984 3101 1067 3162 illius
1087 3104 1225 3184 episcopi
1243 3105 1274 3162 in
1290 3105 1379 3184 cujus
1398 3107 1474 3166 dioe-

348 3203 408 3262 cesi
426 3201 608 3260 beneficium
629 3197 808 3280 hujusmodi
829 3200 920 3258 situm
941 3207 1003 3268 est,
1021 3219 1087 3258 eam
1109 3207 1212 3259 tamen
1232 3199 1270 3258 de
1290 3209 1395 3260 cetero
1417 3203 1473 3262 bac

347 3299 377 3356 in
400 3319 431 3357 re
454 3299 636 3358 inconcusse
661 3295 775 3355 servari
801 3296 946 3354 volumus
970 3294 1126 3372 regulam,
1148 3305 1182 3355 ut
1203 3317 1294 3356 nemo
1318 3297 1471 3378 ejusmodi

347 3393 573 3474 subjectionem
593 3393 631 3452 ad
651 3393 794 3452 ellectum
816 3391 1004 3472 suscipiendi
1025 3392 1150 3450 ordines
1170 3392 1329 3473 acquirere
1345 3415 1472 3455 censea-

347 3499 408 3563 tur,
426 3491 483 3549 nisi
500 3490 682 3549 beneficium
699 3488 881 3569 praedictum
898 3489 965 3568 ejus
981 3488 1021 3547 sit
1040 3488 1175 3560 redituS,
1193 3497 1227 3548 ut
1242 3489 1280 3548 ad
1300 3510 1470 3568 congruam

347 3587 419 3646 vitro
435 3587 709 3659 sustentationem,
727 3586 792 3644 sive
805 3585 894 3664 juxta
911 3593 1014 3643 tanam
1030 3583 1227 3664 synodalem,
1245 3586 1325 3658 sive,
1343 3607 1379 3645 cu
1394 3586 1471 3647 defi-

345 3681 457 3754 ciente,
471 3683 561 3762 juxta
572 3703 688 3742 morem
701 3682 846 3758 regionis,
861 3701 917 3760 pro
929 3681 1149 3758 promovendis
1162 3682 1200 3741 ad
1215 3703 1319 3741 sacros
1331 3681 1469 3752 ordines,

344 3779 491 3838 detractis
506 3779 664 3849 oneribus,
678 3799 732 3857 per
744 3799 775 3836 se
791 3777 934 3848 sufficiat,
947 3775 1086 3857 illudque
1101 3778 1140 3836 ab
1156 3777 1329 3837 ordinando
1342 3779 1470 3858 pacifice

345 3875 552 3956 possideatur,
574 3873 695 3933 sublata
715 3893 911 3954 quacumque
932 3871 1080 3932 facultate
1100 3873 1265 3954 supplendi
1288 3874 1372 3955 quod
1396 3875 1470 3936 defi-

344 3981 428 4032 ceret
458 3971 611 4032 fructibus
640 3971 779 4050 ejusdem
809 3969 950 4029 beneficii
980 3990 1050 4028 cum
1085 3970 1260 4050 adjectione
1289 3971 1469 4051 patrimonii

343 4069 435 4128 etiam
457 4069 594 4148 pinguis,
616 4067 698 4147 quod
720 4068 785 4147 ipse
807 4064 996 4126 ordinandus
1019 4066 1049 4123 in
1072 4065 1178 4126 cadem
1201 4087 1254 4126 seu
1277 4067 1336 4126 alia
1359 4069 1470 4148 quavis

344 4167 469 4226 dioecesi
495 4166 670 4236 obtineret;
692 4185 727 4223 ac
747 4165 912 4244 episcopus
931 4161 976 4220 sic
996 4161 1143 4221 ordinans
1166 4171 1227 4222 tam
1250 4163 1288 4221 de
1310 4164 1469 4242 praedictis

345 4261 604 4323 testimonialibus
634 4260 761 4333 litteris,
790 4281 882 4340 quam
908 4258 945 4316 de
971 4257 1073 4318 reditu
1099 4259 1239 4320 beneficii
1268 4258 1467 4339 hujusmodi,
