3294 5054
343 441 484 492 NOTlTlAE
503 439 689 491 HISTORICAE
708 439 805 490 cleon
824 440 921 491 RITUS
940 440 1177 491 onullmllonls
1273 437 1323 490 437

199 591 246 645 est
261 585 292 642 in
308 603 345 643 eo
360 582 457 664 quod,
474 582 599 664 qnando
614 582 680 663 ipse
696 581 788 642 Rom.
808 581 954 642 Pontifex
969 581 1131 644 ordinatur
1146 584 1321 664 episcopus

199 688 337 770 episcopi
364 693 469 747 tenent
495 685 696 768 evangelium
724 707 820 768 super
846 693 941 768 caput
969 691 999 748 el
1023 686 1176 747 cervicem
1203 685 1323 768 ipsius;

198 793 288 874 cujus
304 792 382 852 ritus
398 791 566 871 vestigium
582 811 644 851 non
660 791 763 864 adest,
781 791 907 873 quando
923 791 1014 852 Rom.
1036 791 1183 852 Pontifex
1199 791 1324 852 ordinat

198 897 390 978 episcopum.
416 931 457 940 -
481 895 627 956 Ceterum
652 896 753 956 oratio
777 895 915 974 longior,
941 917 995 956 seu
1019 895 1226 972 consecratio,
1253 916 1323 977 quae

198 1002 347 1062 recitatur
367 1021 460 1081 super
480 999 656 1060 Romanum
677 999 861 1060 Pontificem
883 1001 914 1059 in
937 999 1118 1081 episcopum
1140 1021 1322 1060 consecran-

198 1105 284 1178 dum,
302 1104 409 1164 eadem
425 1112 473 1164 est
487 1124 556 1184 quae
573 1123 629 1184 pro
645 1103 713 1164 aliis
728 1104 899 1185 episcopis;
916 1104 986 1164 duae
1001 1112 1104 1164 aulem
1120 1104 1187 1164 aliae
1204 1103 1322 1164 brevis-

198 1209 284 1269 simae
299 1209 455 1269 orationes
470 1206 587 1268 Adesto
603 1215 634 1267 et
649 1207 830 1289 Propitiare
845 1209 1016 1268 recitantur
1031 1229 1047 1270 a
1063 1209 1164 1290 primo
1180 1215 1211 1269 et
1225 1209 1323 1270 altero

197 1315 356 1395 episcopo.

237 1419 270 1478 4⁰
283 1420 393 1479 Vestes
406 1425 461 1478 aut
473 1418 532 1478 alia
547 1418 679 1498 insignia
693 1418 879 1498 episcopalia
894 1439 956 1478 non
970 1418 1137 1478 traduntur
1148 1417 1322 1479 ordinando

198 1524 229 1584 in
248 1525 381 1604 ipsamet
401 1522 614 1597 ordinatione;
637 1522 690 1582 sed
711 1521 829 1582 electus
848 1544 880 1583 se
902 1523 994 1583 offert
1015 1522 1239 1596 ordinandum,
1258 1521 1323 1602 jam

198 1627 355 1709 praedictis
371 1625 509 1686 vestibus
530 1626 674 1700 indutum
692 1635 728 1686 ut
742 1634 829 1708 patet
845 1625 964 1687 Ordine
980 1625 1026 1686 IX
1030 1675 1039 1704 ‚
1057 1649 1088 1686 n.
1106 1627 1124 1685 l
1139 1634 1171 1686 et
1186 1628 1215 1686 5.
1233 1626 1324 1686 Exci·

198 1732 282 1812 pitur
297 1730 437 1812 pallium
459 1730 559 1813 quod,
582 1738 617 1790 ut
638 1738 762 1791 constat
784 1731 883 1792 relato
905 1739 991 1792 textu
1014 1729 1161 1806 Ordinis,
1182 1731 1323 1791 Romano

198 1837 354 1908 Pontifici,
371 1837 404 1895 in
419 1836 480 1895 fine
496 1855 559 1895 suae
575 1836 834 1910 consecrationis,
851 1837 1023 1917 imponitur
1038 1837 1076 1896 ab
1092 1835 1321 1896 archidiacono.

238 1941 269 2000 5⁰
287 1941 322 2000 ln
338 1941 397 2001 hoc
413 1941 474 2001 ritu
490 1939 675 2020 episcopalis
691 1941 933 2001 consecrationis
950 1940 1116 2014 tradendo,
1133 1939 1325 2000 concordant

197 2047 291 2106 etiam
308 2045 449 2106 Capones
465 2043 652 2125 Hippolyti,
675 2065 743 2104 can.
765 2047 865 2104 10-19
877 2045 898 2116 ¹,
916 2046 969 2125 qui
988 2065 1051 2105 non
1071 2053 1245 2105 memorant
1266 2044 1325 2103 nisi

198 2150 429 2230 impositionem
445 2168 594 2208 manuum
610 2155 641 2209 et
656 2149 830 2208 orationem
846 2151 1116 2209 consecratoriam.

238 2362 321 2424 194.
350 2396 389 2405 -
422 2360 609 2422 Ordinatio
636 2361 907 2440 presbyteralis.
935 2393 975 2404 -
1004 2360 1094 2419 Ritus
1123 2360 1321 2432 exhibentur,

197 2465 288 2524 simul
309 2485 379 2525 cum
400 2464 511 2524 ritibus
531 2463 736 2524 ordinationis
756 2464 941 2536 diaconalis,
963 2465 995 2524 in
1017 2463 1137 2524 Ordine
1156 2463 1215 2538 IX,
1239 2487 1269 2523 n.
1288 2469 1321 2535 2,

196 2569 257 2630 hoe
276 2569 392 2629 modo:
412 2593 426 2626 n
499 2567 674 2630 Prosternit
693 2589 725 2627 se
745 2569 887 2648 pontifex
907 2589 977 2628 cum
998 2570 1072 2649 ipsis
1091 2569 1221 2650 (nempe
1241 2569 1323 2628 ordi-

196 2676 307 2736 nandis
328 2676 359 2735 in
380 2674 579 2756 presbyteros
598 2682 629 2733 et
649 2674 815 2754 diaconos)
835 2675 866 2734 in
886 2675 1076 2746 orationem,
1094 2675 1177 2734 clero
1197 2675 1322 2734 interim

195 2788 326 2840 canente
346 2781 497 2840 litaniam.
515 2781 685 2858 Surgentes
705 2786 809 2838 autem
824 2779 864 2838 ab
879 2779 1035 2854 oratione,
1052 2779 1193 2860 pontifex
1213 2785 1276 2838 stat
1290 2779 1322 2838 in

196 2884 269 2944 sede
284 2905 355 2954 sua,
373 2882 554 2962 singillatim
570 2884 733 2964 imponens
749 2903 858 2942 manus
873 2883 1027 2964 capitibus
1043 2903 1167 2956 eorum,
1184 2890 1215 2942 et
1231 2883 1320 2943 bene-

195 2988 271 3048 dicit
290 3009 355 3048 eos,
372 2988 534 3048 Accedens
554 2995 658 3047 aulem
679 2986 932 3060 archidiaconus,
951 2987 1033 3047 tollit
1052 2988 1171 3047 orarios
1190 2986 1229 3047 de
1248 3008 1321 3046 con-

196 3093 330 3152 fessione
339 3093 362 3166 ²,
373 3093 426 3172 qui
439 3091 478 3151 de
492 3091 636 3152 hesterna
648 3091 698 3151 die
710 3091 838 3171 repositi
851 3099 925 3150 sunt
935 3091 989 3163 ibi,
1003 3092 1137 3172 imponit
1148 3111 1242 3171 super
1254 3111 1318 3163 eos,

195 3205 226 3256 et
243 3197 384 3277 pontifex
399 3195 502 3255 induit
519 3217 572 3254 eos
592 3195 741 3275 planetis,
758 3203 790 3254 et
810 3202 894 3255 stant
912 3195 1024 3255 induti.
1043 3195 1215 3254 Diaconilia
1232 3195 1321 3266 indu-

196 3309 299 3362 menta
326 3299 444 3361 tollunt
472 3300 525 3380 qui
554 3299 676 3358 diaconi
703 3319 770 3358 esse
796 3299 912 3359 debent
940 3299 978 3359 de
1005 3299 1107 3360 medio
1136 3319 1260 3370 eorum,
1289 3307 1321 3358 et

194 3405 392 3486 complentur
411 3403 645 3464 benedictiones
664 3425 788 3474 corum,
805 3405 860 3484 qui
879 3404 1052 3485 presbyteri
1068 3403 1252 3465 ordinantur
1262 3405 1284 3465 ³.
1302 3431 1316 3460 n

194 3543 274 3605 epist.
290 3556 359 3600 lxiv,
375 3557 446 3604 resp.
464 3546 490 3598 l;
507 3541 611 3603 ilignis,
626 3541 655 3589 P.
671 3541 710 3599 l„
728 3543 747 3588 t.
764 3555 863 3599 nxxvu,
880 3541 931 3589 ool.
948 3545 1020 3598 1191,
1038 3542 1171 3603 permittit
1186 3541 1213 3589 S.
1229 3544 1319 3604 Augu·

194 3621 278 3678 elluo,
295 3620 445 3682 Anglorum
469 3619 611 3682 episcopo,
634 3623 665 3667 ut
687 3619 776 3677 solus,
801 3619 878 3668 initio
900 3619 1009 3680 saltem,
1033 3619 1140 3668 ordinet
1162 3621 1317 3682 episcopos3

194 3713 287 3747 verum
309 3698 432 3746 nonnihil
459 3697 600 3746 dubitatur
622 3698 654 3745 de
681 3697 888 3747 authenticitate
914 3699 962 3746 aut
985 3698 1080 3746 saltem
1107 3699 1140 3746 de
1162 3698 1318 3761 integritate

194 3777 274 3839 hujus
288 3776 421 3838 epistolar.

225 3855 234 3888 ¹
252 3855 410 3912 Duchesne,
427 3869 469 3917 op.
486 3853 542 3911 cil„
557 3868 583 3916 p.
598 3858 651 3901 mo.

224 3933 235 3967 ¹
252 3931 350 3982 Oraris
365 3935 428 3980 sunt
443 3932 533 3991 stolas,
550 3945 617 3994 quas
635 3947 776 3990 vocamus,
792 3947 853 3994 quse
871 3933 956 3994 pridie
974 3933 1098 3996 deposita
1113 3937 1189 3981 erant
1209 3934 1235 3980 in
1251 3947 1315 3981 con-

192 4009 311 4070 sessione
330 4025 378 4058 seu
398 4011 503 4058 tumulo
523 4010 552 4057 B.
570 4009 656 4069 Petri;
678 4011 736 4059 haec
756 4025 832 4072 erpo,
854 4011 924 4059 intra
944 4011 1013 4059 ritus
1032 4011 1223 4071 ordinationis,
1245 4011 1318 4059 tollit

193 4089 400 4138 archidiaconus
415 4093 442 4137 ct
456 4089 572 4151 imponit
587 4089 699 4150 singulis
714 4089 792 4136 novis
804 4089 925 4137 diaconis
941 4093 968 4138 et
983 4089 1160 4152 presbyteris,
1178 4092 1207 4136 ut
1220 4089 1317 4136 clarius

193 4169 293 4217 dicitur
307 4169 333 4216 in
349 4167 445 4216 eodem
461 4165 562 4215 Ordine
577 4166 625 4224 IX,
644 4182 670 4214 n.
687 4171 709 4214 8.

225 4248 235 4280 ³
252 4247 355 4309 Migne‚
373 4245 422 4294 loc.
438 4245 643 4302 cit.,col.1005.
