3294 5054
309 423 365 477 3⁹⁰
581 431 624 480 DE
643 431 779 482 sueinus
799 431 915 482 SACRAE
934 427 1168 482 ounmnrloms

356 573 393 638 5⁰
416 573 511 636 Num
534 576 740 640 consuetudo
767 576 965 640 invalescere
984 575 1091 660 possit
1116 581 1234 638 contra
1261 573 1437 637 decretum

310 687 592 752 Clementinum?

355 801 481 887 Resp:
508 801 538 867 I.
563 799 782 868 Consuetudo
810 805 1002 888 ordinarie,
1024 802 1126 868 etium
1145 802 1432 888 quadrupeneria,

310 915 442 980 nullam
465 915 536 980 vim
556 915 659 982 babet
677 924 796 983 contra
821 917 996 982 decretum
1015 915 1280 983 Clementinum.
1301 953 1347 966 -
1365 916 1436 981 Ra-

309 1030 358 1094 tio
380 1030 583 1112 desumitur,
612 1054 681 1096 non
700 1055 744 1096 cx
767 1031 831 1096 boc
849 1032 924 1120 ipso
948 1031 1100 1112 decreto,
1122 1029 1213 1118 quod
1241 1031 1336 1095 nulla
1360 1053 1437 1118 spe-

308 1143 386 1208 ciali
409 1143 562 1210 clausula
586 1145 761 1210 firmatum
784 1153 838 1211 est
860 1153 979 1211 contra
1001 1145 1282 1226 consuetudInes,
1307 1145 1368 1210 sed
1392 1168 1436 1210 ex

308 1258 367 1322 cit.
404 1257 579 1325 Benedicti
610 1259 688 1324 XIV
723 1259 816 1324 bulla
852 1260 1008 1345 Impositi
1014 1277 1029 1342 ,¹
1064 1259 1098 1322 in
1129 1259 1193 1324 hac
1225 1259 1315 1322 enim
1341 1258 1435 1324 bulla

308 1371 516 1438 Benedictus
539 1372 617 1437 XIV
642 1374 817 1440 decretum
841 1373 1094 1439 Clementiuum
1118 1373 1312 1454 confirmat,
1338 1373 1436 1437 inno·

308 1494 383 1567 vat,
405 1487 441 1550 in
473 1493 613 1552 extenso
641 1487 760 1570 refert,
786 1511 953 1576 susumque
980 1487 1075 1568 lacit3
1098 1488 1236 1568 deinde,
1265 1491 1281 1571 ς’
1311 1487 1434 1573 Sisque

307 1609 341 1663 et
364 1623 431 1665 non
451 1602 563 1684 aliter,
589 1602 679 1666 idem
705 1602 880 1668 decretum
903 1603 1017 1667 firmat
1039 1601 1192 1667 clausula
1218 1625 1280 1666 seu
1302 1603 1433 1667 decreto

308 1716 478 1798 irritanti,
501 1715 612 1780 solitis
637 1716 751 1781 verbis
776 1725 972 1806 concepto:
996 1743 1012 1776 «
1041 1717 1189 1781 Irritum
1212 1725 1244 1780 et
1269 1717 1382 1799 inane,
1404 1715 1434 1780 si

306 1853 406 1894 secus
426 1853 528 1917 super
549 1830 635 1896 hisu
654 1854 826 1919 quoquam
841 1833 960 1920 quavis
979 1831 1192 1912 auctoritate,
1214 1831 1360 1896 scienter
1378 1830 1433 1895 vel

307 1945 515 2030 ignoranter,
532 1945 713 2032 contigerit
735 1947 895 2012 attentari
912 1947 1172 2034 (decernimus),
1192 1973 1209 2006 n
1226 1945 1323 2033 cujus
1342 1945 1433 2009 clau-

306 2057 391 2122 sulae
414 2059 467 2121 vis
496 2065 564 2140 est,
589 2059 689 2145 juxta
714 2083 850 2141 omnes,
870 2066 908 2124 ut
940 2059 1063 2124 saltem
1087 2059 1274 2124 ordinarias
1292 2081 1432 2123 consue-

308 2171 446 2236 tudines
465 2172 639 2260 impediat.

353 2287 385 2352 2.
415 2285 634 2354 Consuetudo
656 2289 937 2353 immemorabilis
962 2286 1144 2374 praevalere
1172 2294 1284 2374 potest
1314 2295 1433 2352 contra

304 2399 484 2465 decretum
512 2401 778 2467 Clementinum.
814 2441 858 2452 —
887 2403 999 2466 Nam:
1038 2405 1067 2468 1.
1102 2401 1140 2466 In
1169 2401 1309 2488 praelata
1339 2400 1433 2466 bulla

307 2516 481 2600 Impositi,
503 2523 519 2599 ,ξ
535 2519 613 2581 Xon
629 2517 855 2600 obstantibus,
872 2517 963 2582 tollit
981 2516 1120 2604 quidem
1134 2517 1339 2582 Benedictus
1354 2515 1432 2580 XIV

305 2630 573 2695 consuetudines
602 2631 705 2696 etiam
734 2630 1037 2712 immemorabileS,
1066 2631 1120 2695 his
1147 2629 1285 2696 verbis:
1318 2659 1334 2691 n
1357 2631 1433 2695 Non

309 2727 567 2810 obstantibus...
596 2745 898 2810 consuetudinibus
923 2747 1025 2809 etiem
1046 2745 1398 2827 immemorabilibus,·
1416 2739 1451 2804 η’

309 2857 370 2921 scd
390 2865 516 2923 norunt
540 2882 658 2923 omnes
682 2860 769 2924 hanc
793 2859 982 2925 clausulam
1005 2858 1122 2922 referri
1140 2859 1183 2924 ad
1206 2859 1431 2945 preteritum,

310 2993 378 3034 non
399 2973 443 3035 ad
462 2973 629 3052 luturum3
650 3011 695 3022 —
715 2974 747 3038 2.
772 2973 932 3038 Clausule
953 2973 1094 3037 irritans
1121 2993 1222 3059 supm
1241 2973 1347 3037 relata
1368 2974 1435 3038 tol-

310 3086 351 3149 111
378 3086 535 3173 quidem,
567 3088 671 3152 ctiam
695 3110 755 3173 pro
787 3086 913 3168 futuro,
939 3086 1204 3151 consuetudines
1232 3086 1433 3166 ordinariaS,

310 3222 380 3263 non
404 3223 498 3280 vero,
516 3201 614 3286 juxta
634 3201 782 3288 plures¹,
804 3201 1101 3266 immemorabilcs.

356 3314 389 3378 3.
412 3314 483 3378 Nec
502 3313 651 3391 obstant,
668 3321 787 3378 contra
813 3314 901 3377 banc
927 3314 1148 3401 posteriorem
1167 3313 1433 3394 conclusionem,

312 3435 381 3491 tres
400 3427 436 3493 S.
460 3427 587 3514 Congr.
610 3427 755 3493 Concilii
770 3428 996 3494 resolutiones
1015 3451 1101 3515 quas
1115 3427 1243 3515 passim
1264 3428 1325 3492 bac
1344 3428 1380 3492 iu
1399 3451 1435 3493 re

309 3541 464 3627 allegant
481 3543 636 3608 doctores
659 3563 665 3610 :
704 3547 733 3608 l.
753 3543 791 3606 ln
811 3543 1015 3624 Pessaoien„
1033 3543 1075 3607 26
1092 3543 1169 3628 julii
1193 3541 1294 3622 1675,
1316 3542 1438 3607 adhoc

312 3655 453 3720 dubium
471 3675 478 3720 :
498 3685 513 3716 «
537 3657 629 3720 l⁰An
645 3655 874 3742 Regulnres..
889 3655 1073 3720 existentes
1084 3657 1172 3720 intra
1184 3656 1269 3720 fines
1280 3655 1438 3719 dioeccsis

314 3770 560 3852 passaviensis,
582 3771 726 3858 possint,
751 3770 813 3835 sub
833 3777 1000 3858 praetextu
1012 3769 1161 3857 cujusvis
1180 3769 1362 3858 privilegii,
1380 3768 1438 3833 vel

310 3887 576 3969 consuetudinis,
598 3887 699 3950 etiem
720 3885 1013 3967 immemorabilis,
1035 3883 1183 3948 ordinari
1203 3883 1245 3948 ab
1264 3883 1435 3948 1111011111-

310 3999 410 4076 stite,
446 4000 500 4064 cui
527 3999 649 4064 litterae
669 3997 909 4066 dimissoriae...
944 3997 1127 4084 superioris
1151 3997 1388 4086 dirigerentur,
1419 4027 1435 4060 »

344 4161 352 4192 ¹
369 4163 445 4219 Quos
457 4161 539 4228 relect
556 4163 582 4208 ct
599 4159 681 4207 tacite
697 4159 795 4221 probat
810 4159 943 4216 Bai-bosa,
959 4159 997 4206 De
1009 4157 1142 4206 clausulis
1157 4173 1207 4206 usu
1221 4157 1435 4222 frequentibus,

307 4241 394 4288 claus.
412 4245 453 4298 to,
470 4255 495 4286 n.
512 4245 553 4290 35.
574 4239 715 4286 Troclalus
731 4237 812 4295 uarii,
831 4237 965 4297 Lugduni,
983 4241 1055 4289 1611,
1072 4252 1098 4298 p.
1113 4241 1166 4284 391.
