3238 5052
332 460 384 512 490
667 467 710 516 DE
731 467 861 516 uirtutis
880 467 1117 516 onmxartoa'ls

332 645 375 654 -
395 607 426 670 2.
449 608 552 672 iuxta
573 610 754 674 concilium
774 611 881 682 Trid.,
904 634 977 698 cap.
999 610 1078 674 Jam
1098 631 1187 681 vero,
1205 611 1236 677 ³.
1259 631 1343 672 sess.
1364 605 1452 674 xlv,

334 719 384 783 Du
403 741 553 785 suranna
575 743 741 804 caenosa,
764 725 911 790 ministri
927 723 1131 788 sacramenti
1147 729 1305 786 extremae
1324 721 1456 785 unctio-

332 833 385 896 nis
410 843 487 898 sunt
521 865 535 892 ι(
562 845 622 901 aut
645 839 811 926 episcopi,
839 847 898 904 aut
923 837 1116 903 sacerdotes
1139 835 1181 900 ab
1206 836 1289 922 ipsis
1309 835 1456 898 ordinati

327 971 393 1033 per
412 951 658 1034 impositionem
680 975 844 1017 manuum
861 953 1068 1038 presbyterii
1091 981 1119 1018 n.

377 1065 408 1126 ti.
432 1063 533 1128 Multi
555 1066 685 1138 Patres
708 1067 887 1154 loquentes
903 1067 944 1130 de
965 1065 1151 1152 majoribus
1171 1063 1453 1134 ordinationibus,

332 1206 398 1247 non
421 1195 608 1250 memorant
629 1189 694 1252 nisi
714 1189 966 1276 impositionem
990 1211 1168 1266 manuum,
1198 1187 1328 1274 ipsique
1349 1192 1456 1249 totam

332 1299 399 1362 vim
421 1303 621 1366 sacramenti
644 1302 808 1368 tribuunt.
833 1302 912 1367 Sic:
935 1326 966 1367 a.
985 1303 1019 1367 S.
1032 1302 1283 1387 ¹Hieronymus.
1306 1300 1340 1362 iu
1362 1298 1457 1363 lsatae

331 1437 404 1498 eap.
429 1435 516 1488 arur,
532 1439 618 1480 vers.
637 1419 690 1491 it),
708 1417 753 1482 ait
768 1436 775 1482 :
792 1445 806 1476 a
827 1417 985 1504 Plerique
1001 1423 1194 1492 nostrorum
1210 1419 1408 1500 χειροτονίαν,
1424 1413 1457 1476 id

331 1536 394 1596 est.
408 1528 655 1594 ordinationem
673 1533 884 1612 clericorum,
903 1555 978 1618 qua
989 1554 1056 1594 non
1067 1531 1177 1594 solum
1190 1529 1233 1594 ad
1246 1529 1458 1615 imprecatio-

331 1665 408 1704 nem
429 1644 533 1713 vocis.
556 1645 615 1708 sed
631 1646 671 1708 ad
694 1647 940 1730 impositionem
960 1645 1122 1731 impletur
1142 1667 1273 1713 manus,
1288 1642 1335 1706 sic
1355 1641 1458 1706 intel-

331 1755 453 1840 ligunt,
477 1767 540 1822 ete.
554 1762 579 1831 ¹:
598 1787 613 1818 »
631 1797 674 1808 -
692 1761 725 1824 b.
749 1761 783 1824 S.
808 1759 1019 1847 Epiphanius
1034 1760 1092 1846 jus
1112 1757 1348 1845 presbyterum
1368 1755 1458 1820 ordi-

331 1871 435 1934 nandi
461 1879 559 1936 rocat
581 1875 644 1958 jus·
672 1897 837 1938 marinum
866 1875 1149 1958 imponendarum
1176 1879 1307 1959 (textus
1333 1891 1454 1956 supra,

331 2007 364 2048 n.
390 1985 428 2070 2,
454 1985 495 2054 10.
520 1987 646 2050 relatus
666 1988 750 2074 est);
773 2027 815 2036 —
830 2013 858 2052 e.
882 1988 1102 2052 innocentius
1119 1987 1145 2059 Ι,
1161 1987 1195 2050 in
1209 1984 1353 2072 epistola
1372 2003 1455 2050 xvu.

330 2099 389 2162 „td
422 2101 566 2184 Itrrsum.
598 2109 678 2173 etc..
716 2125 749 2166 n.
787 2105 818 2176 Ἰ,
851 2103 994 2190 loquens
1032 2103 1072 2165 de
1107 2097 1376 2163 ordinationibus
1414 2097 1457 2161 ab

331 2214 495 2278 haereticis
521 2215 634 2294 factm,
664 2217 709 2278 ait
739 2235 746 2282 :
772 2217 984 2286 a'Dicirnus.
1008 2215 1049 2279 ab
1074 2213 1241 2278 haereticis
1261 2211 1454 2280 ordinatos,

331 2329 544 2392 vulneratum
558 2353 622 2414 per
642 2331 738 2394 iliam
759 2354 879 2394 manus
895 2331 1141 2415 impositionem
1158 2328 1281 2392 trahere
1296 2335 1419 2410 caput:
1439 2353 1453 2384 n

330 2449 365 2506 et
384 2441 468 2506 inira
488 2463 495 2508 :
519 2471 534 2502 ι(
554 2443 816 2509 Damnationem
835 2445 965 2532 utique,
984 2467 1085 2531 quam
1102 2442 1217 2507 habuit
1233 2441 1455 2526 (haereticus).

326 2579 391 2640 per
406 2581 549 2642 prauam
571 2582 690 2623 uranus
707 2561 954 2645 impositionem
970 2557 1063 2622 dedit
1075 2561 1097 2622 ².
1120 2585 1194 2616 n-
1214 2554 1339 2619 Videas
1359 2555 1458 2640 plura

330 2671 395 2736 eilia
417 2673 489 2736 loca
510 2673 650 2738 Patrurn
671 2681 730 2738 aut
749 2675 967 2738 conciliorum
987 2673 1076 2759 apud
1095 2672 1252 2735 Vuitasse
1272 2677 1332 2734 aut
1350 2670 1458 2732 Tour-

330 2786 410 2872 nely
428 2787 526 2874 (loeis
546 2789 633 2859 eitst.

376 2901 414 2964 B.
443 2903 616 2966 Porrectio
647 2905 954 2967 instrumentorum
982 2925 1060 2965 cum
1093 2900 1202 2963 uerbis
1230 2899 1378 2962 relatiuis
1407 2905 1457 2960 est

330 3017 418 3078 ritus
451 3017 589 3100 quidem
622 3041 710 3081 nunc
743 3018 973 3098 adhibendus,
1002 3017 1060 3080 sed
1092 3015 1230 3078 minime
1257 3011 1454 3077 essentialis.

329 3130 536 3216 minimeque
556 3131 598 3194 ad
616 3132 795 3195 materiam
816 3138 850 3194 et
871 3131 1012 3194 sormam
1038 3127 1261 3192 ordinationis
1280 3123 1456 3212 presbyte-

330 3242 410 3306 ralis
441 3245 615 3331 pertinens
645 3245 738 3332 (heec
777 3244 964 3331 propositio
1000 3250 1053 3307 est
1085 3249 1202 3307 eontra
1233 3239 1318 3304 duas
1354 3235 1456 3300 simul

329 3357 457 3444 priores
477 3358 680 3448 opiniones).
701 3399 745 3408 —
765 3360 853 3424 Nam
880 3379 887 3425 :

375 3471 405 3535 i.
433 3471 534 3535 Certo
555 3497 622 3538 non
646 3474 711 3538 fuit
730 3473 924 3538 essentialis
948 3473 982 3536 in
1009 3471 1160 3536 Ecclesia
1183 3468 1290 3533 latina
1309 3491 1370 3554 per
1394 3489 1455 3529 no-

329 3609 406 3649 rem
426 3587 548 3650 saltem
576 3588 689 3674 priora
709 3587 851 3666 sarcula,
874 3609 941 3674 quo
964 3593 1116 3672 tempore
1143 3583 1213 3648 sola
1239 3584 1274 3646 in
1298 3605 1363 3645 usu
1383 3587 1454 3644 erat

328 3699 499 3787 impositio
520 3723 694 3766 manuum.

373 3814 405 3878 2.
428 3811 529 3878 Certo
545 3837 606 3879 nec
621 3823 674 3879 est
690 3815 791 3880 hodie
807 3815 1000 3880 essentialis
1015 3814 1105 3902 apud
1120 3812 1271 3880 Graues,
1287 3809 1451 3896 CophtoS,

328 3927 524 4014 AEthiopes‚
547 3935 632 4008 etc.;
655 3953 753 4010 nam,
776 3953 818 3994 ex
836 3953 905 3994 una
924 3935 1035 4016 parte,
1058 3925 1224 4014 porrectio
1248 3925 1454 3988 instrumen-

283 4127 287 4134 ,
328 4048 439 4106 torum
467 4066 535 4106 non
564 4051 616 4108 est
643 4043 678 4107 in
704 4067 769 4108 usu
800 4043 835 4108 in
863 4043 917 4108 his
943 4041 1117 4120 ecclesiis;
1143 4063 1184 4103 ex
1209 4039 1316 4103 altera
1340 4045 1454 4102 autem

360 4204 366 4236 ¹
387 4205 488 4264 Mipne.
506 4205 535 4253 P.
550 4207 587 4262 L„
605 4210 624 4254 t.
639 4221 709 4259 amr.
726 4207 777 4254 col.
791 4212 845 4254 569.

359 4281 369 4314 ²
387 4283 489 4342 Migne,
508 4284 536 4331 Ρ.
551 4285 589 4339 L„
607 4289 626 4332 t.
643 4299 689 4340 xx,
707 4285 757 4332 eol.
775 4289 898 4330 oso-531.
