3316 5052
467 481 511 535 DE
530 483 793 546 PIIAEREQIIISITIS
812 481 857 535 An
876 483 1129 535 ORDINA'IIONEII
1309 479 1360 534 297

236 625 313 692 ideo
343 627 385 693 de
413 627 477 693 hoc
506 649 575 693 non
603 635 685 694 sunt
713 625 851 693 solliciti
879 627 1143 708 examinatores,
1173 626 1240 691 nisi
1268 626 1361 716 quod

236 739 378 807 dubium
408 748 587 831 exsurgat,
619 748 678 809 aut
708 743 786 832 quis
815 741 1004 808 denuntiet.
1035 779 1080 792 —
1108 741 1173 806 Hic
1203 749 1360 830 quaerunt

234 855 337 922 etiam
357 857 617 939 examinatores,
635 857 665 922 si
683 864 805 947 agatur
819 857 861 923 de
880 857 989 946 prima
1003 862 1155 938 tonsura,
1172 879 1256 922 num
1270 856 1359 921 ordi·

232 971 366 1037 nandus
386 972 550 1062 receperit
567 980 819 1039 sacramentum
837 972 1120 1058 confirmationis,
1142 970 1185 1036 ad
1203 994 1358 1038 normam

232 1107 328 1152 conc.
346 1085 452 1169 Trid,
475 1109 549 1176 cap.
570 1088 689 1152 Prima
710 1093 865 1170 tonsura,
887 1087 920 1170 I,
942 1109 1027 1152 sess.
1045 1085 1175 1167 XXIII,
1198 1085 1250 1151 Dn
1269 1107 1354 1165 ner.;

232 1206 282 1282 et,
311 1200 340 1266 si
370 1207 491 1289 agatur
520 1201 563 1267 de
593 1200 856 1284 subdiaconatu,
884 1224 967 1266 num
998 1199 1205 1266 ordinandus
1235 1199 1359 1266 habeat

231 1313 370 1380 titulum
393 1313 564 1399 beneficii,
585 1315 799 1404 patrimonii,
824 1322 904 1398 eto,
926 1321 961 1381 et
983 1337 1066 1380 num
1090 1314 1145 1380 hic
1168 1313 1289 1380 titulus
1313 1313 1358 1380 sit

230 1428 425 1496 canonicus.
440 1427 618 1508 —Quoad
632 1436 882 1496 sacramentum
896 1427 1174 1509 confirmationis,
1191 1427 1221 1492 si
1234 1425 1357 1494 habea-

230 1550 287 1610 tur
319 1541 406 1608 liber
437 1542 640 1632 parochialis
672 1545 972 1630 confirmatorum,
1007 1541 1175 1630 parochus
1207 1541 1356 1630 praeiatae

230 1657 441 1723 attestationi
460 1657 502 1722 de
521 1655 691 1745 baptismo
705 1657 822 1746 jungit
841 1656 1096 1724 attestationem
1114 1655 1157 1720 de
1175 1655 1356 1721 confirma-

229 1771 341 1854 tione3
371 1772 400 1838 si
427 1795 497 1837 non
523 1771 687 1839 habeatur
711 1771 798 1838 liber
824 1771 1028 1861 parochialis
1054 1773 1352 1857 confirmatorum,

231 1885 356 1952 suflicit
378 1885 611 1973 juramentum
637 1886 833 1970 ordinandi,
859 1885 1042 1952 asserentis
1068 1907 1105 1950 se
1130 1883 1216 1949 illud
1242 1907 1354 1950 sacra-

229 2004 382 2064 mentum
401 1999 586 2089 recepisse,
607 2006 647 2066 ut
665 2000 852 2066 declaravit
871 1999 907 2068 S.
924 1997 1049 2087 Congr.
1068 1997 1188 2080 Conc,
1209 1997 1245 2062 in
1263 1997 1353 2063 Inte-

229 2133 397 2194 ramnam„
419 2113 439 2180 6
464 2113 543 2179 maii
569 2113 694 2195 1617¹;
720 2114 755 2179 in
775 2113 902 2196 Gallia,
930 2112 1101 2179 sufficiens
1125 2110 1242 2178 haberi
1265 2111 1353 2177 solet

227 2225 406 2292 affirmatio
443 2229 639 2311 ordinandi,
673 2228 882 2294 recordantis
915 2234 949 2293 et
982 2225 1165 2292 asserentis
1198 2247 1234 2291 se
1267 2225 1353 2292 illud

226 2348 476 2407 sacramentum
495 2342 676 2431 recepisse.
1302 2427 1303 2430 Ἴ

271 2477 300 2521 c.
327 2455 502 2541 AEtatem,·
524 2457 560 2522 in
581 2457 659 2546 jure
682 2457 862 2542 canonico,
888 2456 1083 2523 authentica
1108 2454 1282 2522 attestatio
1309 2453 1351 2519 de

226 2568 394 2654 baptismo
414 2569 597 2657 juridicam
619 2570 855 2661 probationem
879 2570 1007 2661 praebet
1029 2571 1072 2637 de
1095 2573 1227 2651 aetate',
1249 2567 1350 2632 modo

228 2687 360 2766 tamen,
381 2691 420 2750 ut
442 2691 554 2772 patet,
575 2685 634 2752 illa
649 2687 824 2753 attestatio
848 2687 938 2752 clare
962 2690 1127 2752 memoret
1150 2684 1241 2750 diem
1264 2681 1350 2747 nati-

227 2795 370 2864 vitatis:
391 2797 484 2887 quod
502 2822 619 2866 revera
637 2801 710 2867 fieri
729 2801 829 2868 solet.
851 2839 895 2850 -
914 2801 950 2867 Si
969 2801 1061 2891 quod
1079 2797 1221 2865 dubium
1239 2818 1350 2862 rema-

228 2917 324 2993 neat,
351 2913 602 2980 examinatores
624 2914 767 3002 proferri
790 2915 974 2998 curabunt,
1001 2937 1043 2980 ex
1065 2911 1212 3002 regestis
1239 2909 1349 2975 civili-

223 3021 304 3106 bus,
325 3025 557 3094 authenticam
574 3029 831 3096 attestationem
851 3030 892 3096 de
912 3029 1102 3097 nativitate.

269 3139 304 3205 d.
334 3139 605 3228 Institutionem,
637 3164 768 3231 mores,·
797 3145 853 3212 hio
880 3145 993 3234 agitur
1020 3143 1062 3210 de
1092 3143 1152 3208 illa
1179 3137 1348 3229 probitate

226 3257 261 3316 ct
294 3254 463 3340 gravitate
495 3279 648 3340 morum,
682 3281 784 3347 quam
819 3282 921 3346 supra
955 3259 1008 3348 (n.
1041 3257 1114 3347 90)
1142 3253 1348 3344 requisitam

223 3386 284 3452 pro
313 3367 416 3433 variis
444 3369 620 3437 ordinibus
647 3372 811 3456 diximus,
842 3381 877 3440 et
904 3374 948 3439 ad
978 3395 1080 3460 quam
1108 3368 1347 3436 conterendam

222 3479 370 3546 multum
394 3483 555 3570 prodesse
579 3485 667 3551 solet
691 3487 859 3554 institutio
882 3510 943 3554 seu
965 3487 1118 3553 educatio
1127 3485 1149 3551 ³.
1178 3482 1347 3564 Quoniam

223 3615 303 3681 ergo
327 3597 576 3665 examinatores
600 3601 683 3668 certi
706 3625 780 3668 esse
804 3600 931 3668 debent
953 3621 1232 3690 unumquemque
1255 3595 1347 3661 ordi-

222 3708 374 3776 nandum
397 3713 559 3801 requisita
580 3738 713 3780 morum
736 3715 906 3804 probitate
924 3715 1104 3806 praeditum
1122 3737 1213 3794 esse,
1235 3733 1346 3777 recur-

221 3837 319 3914 runt,
346 3837 386 3898 ut
410 3833 642 3923 adipiscantur
668 3835 756 3902 hanc
782 3835 1036 3919 certitudinem,
1066 3835 1109 3902 ad
1134 3833 1245 3900 media
1271 3853 1346 3920 quaa

254 3990 264 4025 ¹
281 3991 367 4050 Quam
382 3995 466 4046 refert
480 3995 596 4056 Girnldi,
612 4001 683 4062 part.
700 3997 739 4058 11,
755 4003 822 4049 sect.
837 4015 894 4060 κει,
910 4015 936 4064 p.
953 4005 1007 4049 938.

254 4069 266 4104 ¹
282 4071 322 4122 CI.
338 4073 398 4122 loca
412 4089 494 4137 supra
507 4075 593 4126 relata
607 4091 640 4126 ex
656 4077 726 4126 Rota
740 4081 768 4128 et
782 4079 855 4128 card.
869 4079 903 4128 de
916 4080 997 4128 Luca.

253 4147 264 4182 ⁸
280 4147 395 4206 Quidam
404 4151 498 4202 dicunt
508 4167 557 4215 per
566 4155 729 4204 vocabulum
741 4155 948 4217 iustitutionem,
960 4157 1033 4220 quod
1046 4158 1176 4207 adhibent
1185 4171 1262 4206 conc.
1274 4156 1345 4205 Nun·

222 4227 333 4276 netcnse
348 4230 375 4276 et
389 4243 465 4278 conc.
477 4229 674 4292 Tridentinum,
691 4234 834 4297 significari
849 4235 938 4298 ipsum
954 4235 1067 4285 titulum
1076 4233 1248 4300 patrimonii,
1264 4233 1345 4284 bene-

223 4299 292 4364 ficii,
309 4307 370 4366 otc,
386 4307 421 4356 ad
436 4321 516 4371 quem
531 4309 645 4360 clericus
660 4312 778 4362 ordinari
793 4315 884 4377 cupIt3
899 4315 947 4363 sed
961 4315 1065 4364 minimi
1079 4315 1171 4363 refert.
