3290 5060
291 431 342 484 124
557 435 601 485 DE
620 435 758 488 LEGIBUS
778 435 892 487 SACRAE
911 435 1147 488 ORDleTIONlS

289 600 407 643 omnes
440 579 628 644 Galliarum
661 579 839 666 episcopos
874 581 1018 668 epistola
1047 580 1235 669 encyclica,
1271 603 1346 670 quan
1378 579 1413 643 in

288 699 430 759 extenso
449 692 616 759 referebat
635 693 843 782 encyclicam
862 717 917 762 an.
938 695 1055 788 16361.

332 921 401 990 48.
421 961 465 970 -
485 921 645 990 Indoles
664 921 786 1011 hujus
804 942 916 992 usus.

334 1037 369 1098 1ο
388 1035 434 1102 Ut
459 1043 554 1124 patet
579 1036 662 1124 ipsis
688 1037 804 1102 relatis
830 1036 960 1119 verbis,
987 1059 1054 1102 non
1081 1036 1245 1126 agebatur
1270 1036 1312 1100 de
1338 1035 1414 1122 lege

288 1171 377 1212 nova
396 1157 455 1216 aut
472 1157 654 1239 praecept0,
678 1151 738 1216 sed
758 1157 893 1217 tantum
912 1152 954 1216 de
973 1152 1111 1217 concilio
1130 1158 1190 1216 aut
1210 1150 1411 1216 hortatione.

288 1261 437 1346 Revera,
465 1270 504 1329 ut
529 1264 577 1330 ait
603 1264 745 1330 collator
773 1265 1052 1352 AndegavensiS,
1081 1265 1218 1330 comitia
1243 1261 1414 1350 generalia

288 1375 369 1440 cleri
383 1384 553 1464 potestate
568 1401 636 1443 non
651 1378 828 1466 pollebant
842 1379 901 1466 jus
917 1379 1072 1446 mutandi
1090 1386 1150 1444 aut
1164 1401 1288 1443 novam
1303 1377 1414 1464 legem

289 1491 475 1570 condendi;
506 1499 540 1556 et
570 1493 693 1560 addit:
726 1521 741 1552 a
771 1493 865 1558 Dans
893 1494 943 1558 les
972 1491 1179 1559 assemblees
1210 1492 1256 1556 du
1284 1492 1411 1576 clerge,

175 1658 178 1666 .
288 1628 331 1670 on
351 1605 406 1670 n'a
429 1630 490 1694 pas
514 1612 623 1672 arrete
643 1629 709 1696 que
733 1607 783 1672 les
807 1613 954 1696 eveques
978 1630 1021 1672 ne
1045 1607 1241 1696 pourraient
1264 1604 1415 1670 conserer

288 1718 338 1783 les
357 1720 473 1785 ordres
493 1721 571 1810 qu't
591 1745 676 1786 ceux
696 1721 754 1810 qui
774 1722 922 1787 seraient
945 1729 1005 1786 nes
1025 1721 1111 1786 dans
1134 1720 1227 1785 leurs
1245 1719 1411 1795 dioceses3

289 1855 332 1898 on
351 1859 374 1922 y
394 1842 447 1900 est
471 1833 660 1900 seulement
684 1859 838 1901 convenu
861 1835 1002 1901 d'ecrire
1025 1857 1093 1900 une
1117 1835 1217 1900 lettre
1241 1833 1414 1898 circulairc

164 1984 171 1993 ·
288 1954 404 2012 atous
423 1948 472 2013 les
492 1955 639 2036 eveques
659 1951 700 2015 de
721 1951 861 2031 France,
884 1973 969 2038 pour
987 1949 1039 2015 les
1059 1949 1219 2014 exhorter
1237 1955 1256 2011 a
1276 1970 1318 2011 cn
1337 1969 1416 2010 uscr
1460 1995 1467 2004 .

289 2061 331 2124 de
351 2061 383 2124 la
403 2069 511 2141 sorte,
534 2086 571 2128 ce
596 2064 654 2151 qui
677 2065 788 2160 parait
816 2087 878 2152 par
901 2065 934 2130 la
958 2063 1180 2128 deliberation
1204 2061 1263 2126 des
1287 2083 1415 2125 assem-

289 2173 381 2240 blecs
402 2175 443 2240 de
465 2175 563 2259 1635,
584 2178 626 2242 de
647 2177 745 2260 1655,
767 2179 809 2242 de
830 2178 915 2245 1660
936 2179 1031 2244 etde
1053 2177 1138 2243 1665
1149 2179 1171 2242 ¹.
1192 2203 1209 2238 »

333 2289 370 2354 2⁰
390 2291 553 2356 Eamdem
577 2293 892 2382 interpretationem
912 2292 1015 2358 dabat
1033 2292 1251 2357 doctissimus
1270 2289 1412 2363 Hallier,

289 2404 347 2492 qui
378 2427 478 2471 suum
509 2431 594 2496 opus
622 2409 671 2472 Dc
700 2411 805 2474 sacris
835 2409 1052 2474 electionibus
1083 2415 1115 2472 ct
1145 2403 1416 2471 ordinationibus

289 2517 410 2585 edebat
425 2543 480 2587 an.
500 2521 598 2605 1636,
615 2523 704 2588 circa
718 2531 854 2610 tempus
870 2521 1084 2588 comitiorum
1098 2521 1208 2608 primo
1223 2519 1297 2583 loco
1312 2539 1413 2604 supra

288 2635 492 2718 relatorum;
516 2637 564 2702 ait
592 2637 706 2704 enirn:
727 2665 743 2698 a
765 2636 817 2704 Ob
837 2637 924 2704 hanc
943 2637 1058 2725 itaque
1084 2633 1321 2700 difficultatem
1340 2655 1415 2719 pro·

288 2747 392 2814 bandi
416 2750 595 2832 domicilii,
618 2752 767 2840 itemque
792 2751 835 2817 ob
860 2752 934 2840 ejus
957 2749 1251 2828 incertitudinem,
1339 2767 1414 2810 con·

287 2864 377 2929 culto
402 2866 436 2929 in
462 2866 571 2930 Gallia
595 2867 639 2931 ab
665 2867 877 2932 ordinatione
903 2866 1121 2948 clericorum,
1147 2863 1209 2949 qui
1233 2861 1317 2925 alibi
1344 2861 1415 2923 nati

287 2979 372 3062 sint,
394 2982 538 3066 episcopi
560 2981 626 3046 sibi
651 2989 838 3066 temperare
861 2981 984 3063 solent,
1009 3001 1076 3044 non
1095 2977 1199 3065 quod,
1223 2984 1261 3040 ut
1280 2976 1411 3060 opinor,

289 3093 324 3155 id
342 3093 407 3158 sibi
427 3095 645 3160 interdictum
660 3103 795 3181 putent,
812 3095 870 3160 scd
884 3094 977 3181 quod
996 3093 1138 3178 oripinis
1148 3089 1308 3177 probatio
1326 3089 1414 3174 saci-

290 3209 355 3272 lior
371 3209 416 3272 sit
434 3216 467 3272 ct
485 3211 703 3295 expeditior³.
725 3237 741 3270 n

334 3322 367 3386 3ο
386 3321 473 3386 ltem
493 3323 533 3388 de
554 3323 749 3404 Hericourt,
771 3323 823 3388 vir
842 3330 956 3388 tamen
976 3319 1094 3385 usibus
1118 3315 1296 3406 gallicanis
1316 3315 1414 3380 addi-

288 3435 471 3502 ctissimus.
494 3437 682 3526 Postquam
706 3437 797 3501 enim
817 3436 875 3524 jus
894 3457 1073 3500 commune
1093 3431 1251 3520 exposuit
1270 3429 1311 3494 de
1331 3451 1413 3516 qua-

287 3557 364 3614 tuor
378 3550 545 3639 cpiscopis
560 3552 717 3640 propriis,
733 3552 827 3616 addit
842 3569 850 3616 ε
868 3578 884 3611 a
901 3549 991 3616 Mais
1005 3549 1055 3614 les
1070 3551 1216 3634 evtques
1229 3545 1270 3609 de
1284 3543 1412 3607 Franco

287 3669 365 3728 sont
383 3687 568 3746 convenire,
590 3665 675 3730 dans
694 3665 745 3730 les
764 3661 971 3730 assemblees
991 3663 1037 3727 du
1056 3661 1184 3747 clergo,
1202 3655 1302 3747 qu'ils
1321 3655 1412 3720 n'or-

287 3779 516 3844 donneraient'
533 3802 612 3844 sans
637 3779 834 3844 demissoire
858 3799 923 3866 que
947 3777 998 3842 les
1021 3775 1127 3840 clercs
1152 3769 1350 3860 originaires
1369 3767 1411 3832 dc

318 3949 326 3982 ¹
348 3947 496 3996 Collection
521 3947 569 3997 dea
586 3948 841 4012 procia-verbane,
867 3953 887 3998 t.
915 3963 950 4006 ιν,
980 3945 1072 3996 Pitcca
1091 3939 1299 4009 justificatura,
1329 3953 1355 3985 n.
1382 3941 1410 3984 6.

286 4041 312 4090 p.
329 4031 455 4075 ror-158.

317 4107 329 4141 ¹
346 4105 526 4167 Consdrenccs
541 4106 688 4171 d'Anyer-s,
706 4107 756 4156 loc.
772 4105 828 4163 cit,
845 4121 872 4169 p.
889 4110 928 4154 79.

319 4183 383 4233 ¹Dc
402 4184 488 4233 sacris
507 4183 700 4243 electionibus,
717 4189 779 4244 ctc.,
796 4189 866 4248 part.
885 4183 922 4242 ll,
939 4185 1046 4240 sectr,
1062 4195 1086 4228 c.
1103 4195 1143 4236 ιιι,
1161 4179 1211 4225 art.
1225 4178 1252 4234 1,
1270 4189 1295 4222 ιι.
1312 4177 1350 4230 10,
1367 4171 1410 4219 ed·

286 4263 389 4324 blignc,
406 4279 432 4325 p.
446 4268 501 4310 998.
