3270 5050
395 483 514 533 suntin
533 483 708 533 DOCTRINAE
728 481 919 533 ciiuoiicn
939 483 982 532 DE
1001 481 1179 534 ORDlNlBUS
1313 479 1348 530 29

223 626 348 690 omisso
372 624 627 712 presbyteratu,
648 631 795 694 nonnest
819 625 1015 712 episcopus,
1038 625 1117 712 quia
1141 625 1349 709 episcopatus

223 740 365 803 includit
386 739 419 802 in
438 761 500 803 sua
521 740 649 802 ratione
669 747 700 802 et
720 739 860 802 essentia
879 739 1116 803 sacerdotium.

265 851 303 916 C.
329 852 520 916 Conclusio,
538 891 581 900 —
597 851 635 916 ln
655 851 718 916 hac
736 852 858 916 ultima
877 852 1123 933 controversia,
1146 851 1253 916 multo
1273 873 1348 938 pro-

222 966 365 1031 babilior
379 973 431 1030 est
451 966 598 1030 secunda
619 966 764 1054 opinio¹,
783 966 861 1054 quia
881 987 998 1030 revera
1012 972 1249 1054 portentosum
1268 964 1349 1052 quid

221 1087 311 1144 esset
336 1079 515 1167 episcopus
540 1079 690 1166 quinon
713 1086 829 1167 posset
853 1077 1038 1156 celebrarc3
1061 1079 1240 1167 episcopus
1259 1079 1349 1143 enim

221 1202 273 1259 est
298 1194 408 1281 primo
435 1201 469 1258 et
494 1199 572 1258 ante
599 1193 712 1258 omnia
739 1193 896 1258 sacerdos
924 1216 984 1258 seu
1008 1191 1198 1280 presbyter,
1228 1192 1349 1257 deinde

221 1309 418 1394 episcopus,
437 1308 526 1372 sicut
544 1307 645 1371 homo
661 1315 714 1372 est
728 1307 837 1394 primo
857 1307 998 1388 animal,
1017 1307 1139 1372 deinde
1155 1306 1346 1386 rationalis;

216 1421 316 1506 juxta
340 1421 431 1486 enim
456 1421 706 1486 institutionem
731 1420 899 1503 divinam,
927 1448 942 1480 α
971 1421 1080 1484 omnis
1106 1420 1280 1502 Pontifex,
1308 1443 1349 1484 ex

220 1534 417 1598 hominibus
431 1541 639 1622 assumptus,
657 1557 717 1621 pro
727 1532 921 1598 hominibus
937 1534 1153 1599 constituitur
1165 1535 1199 1599 in
1214 1535 1255 1598 iis
1275 1557 1350 1622 quae

222 1647 362 1713 suntad
378 1647 500 1728 Deum,
520 1657 557 1712 ut
576 1652 698 1732 offerat
717 1649 805 1712 dona
825 1655 856 1711 et
875 1649 1040 1732 sacrificia
1055 1672 1115 1735 pro
1131 1649 1311 1738 peccatis³;
1333 1675 1349 1708 n

221 1761 324 1842 unde,
346 1768 385 1826 ut
405 1763 597 1828 audivimus
618 1785 659 1826 ex
680 1761 904 1843 Bellarmino,
922 1763 1132 1848 episcopatus
1153 1763 1296 1826 includit
1316 1764 1350 1827 in

220 1898 282 1940 sua
310 1877 439 1940 ratione
468 1884 500 1938 et
526 1877 666 1940 essentia
689 1877 985 1961 presbyteratum,
1013 1884 1047 1940 et
1070 1876 1146 1941 ideo
1171 1877 1350 1964 episcopus

223 1997 362 2054 vocatur
384 2012 540 2053 summus
563 1990 727 2053 sacerdos.
750 1989 895 2070 -Sed,
918 1989 947 2054 si
972 1989 1187 2077 episcopatus
1207 1990 1351 2055 includit

222 2104 257 2166 in
286 2126 346 2167 sua
374 2103 504 2168 ratione
533 2111 567 2168 et
597 2104 745 2168 essentia
773 2101 1063 2190 presbyteratum,
1096 2127 1155 2168 cur
1184 2104 1350 2169 ordinatio

222 2215 425 2303 episcopalis
449 2240 516 2283 non
543 2216 708 2304 producet
734 2240 775 2282 ex
797 2239 832 2282 se
852 2224 886 2281 et
905 2217 939 2280 vi
963 2219 1098 2304 propria
1123 2217 1351 2284 characterem

221 2330 513 2418 presbyteralem?
538 2332 607 2398 Cur
632 2331 711 2395 ritui
738 2331 1001 2396 consecrationis
1026 2332 1227 2420 episcopalis
1252 2331 1351 2398 Chri-

222 2453 296 2509 stus
316 2467 384 2508 non
403 2443 523 2509 tribuit
542 2445 742 2526 efficaciam,
761 2467 863 2532 quani
882 2468 924 2509 en
941 2467 1002 2510 sua
1022 2447 1162 2510 essentia
1183 2447 1352 2532 requirit?

223 2557 320 2623 Unde
344 2558 563 2623 reincidimus
582 2559 617 2622 in
640 2559 787 2645 priorem
812 2558 905 2622 illam
931 2559 1085 2647 superius
1108 2559 1159 2648 (n.
1183 2559 1226 2647 5)
1248 2583 1351 2646 expo-

222 2672 324 2736 sitam
342 2671 493 2736 virorum
512 2673 751 2736 historicorum
771 2672 982 2758 opinionem,
1005 2674 1079 2761 qui,
1102 2671 1242 2760 praefato
1263 2673 1351 2738 facto

224 2785 384 2848 historico
403 2784 528 2866 innixi,
552 2792 710 2850 asserunt
730 2791 789 2850 aut
809 2793 1006 2873 supponunt
1025 2786 1201 2868 diaeon0S,
1224 2786 1350 2850 omisso

224 2896 476 2985 presbyteratu,
500 2899 647 2986 recipere
664 2899 775 2963 valide
795 2899 1051 2986 episcopatum:
1074 2923 1148 2987 quae
1168 2901 1348 2982 sententia,

223 3033 265 3075 ex
284 3011 347 3074 hoc
367 3035 455 3076 novo
480 3019 699 3096 argumento,
722 3011 812 3099 quod
832 3011 960 3100 prabet
980 3012 1222 3095 BellarminuS,
1244 3013 1351 3101 majo-

225 3148 293 3190 rem
314 3124 424 3190 adhuc
445 3124 509 3190 sibi
529 3126 689 3191 conciliat
708 3124 983 3214 probabilitatem
1003 3128 1303 3192 etauctoritatem.

466 3343 484 3417 ὅ
504 3346 539 3402 2.
565 3346 617 3403 De
638 3344 835 3402 ordinibus
855 3345 1110 3402 interioribus

268 3507 307 3576 8.
321 3547 365 3557 -
378 3506 710 3576 Subdiaeonatus.
722 3547 765 3556 -
780 3508 829 3572 Dc
840 3507 1089 3572 subdiaconatu
1099 3505 1170 3570 haee
1186 3505 1327 3570 dicenda
1341 3526 1348 3572 :

270 3625 304 3684 i0
324 3621 439 3702 Prima
459 3621 662 3686 documenta
682 3629 774 3686 certa
785 3623 807 3703 ³,
830 3644 904 3708 quae
925 3619 1150 3684 subdiaconos
1170 3619 1225 3684 vel
1245 3620 1352 3706 hypo-

256 3767 264 3799 ¹
284 3767 421 3830 Quidquid
437 3767 503 3814 dicit
521 3767 647 3826 Toictus,
663 3767 709 3829 qui
729 3767 827 3814 asserit
846 3769 993 3828 utramque·
1007 3767 1162 3828 opinionem
1178 3765 1229 3813 sibi
1249 3766 1350 3828 proba-

193 3883 199 3894 .
224 3846 305 3894 bilem
322 3846 422 3904 videri,
438 3843 590 3894 Instructio
604 3845 786 3904 sacerdotum,
803 3844 850 3891 iib.
863 3843 888 3904 l,
904 3859 927 3892 c.
940 3859 1011 3902 anxi,
1027 3859 1054 3891 n.
1068 3849 1091 3900 8,
1108 3844 1222 3892 Lutetia
1237 3843 1351 3892 Parisio-

224 3940 297 3982 rum,
316 3930 383 3983 1619,
399 3940 425 3987 p.
441 3929 493 3972 1³8.

255 4005 266 4038 ¹
282 4002 376 4052 llebr..
390 4019 416 4060 v,
434 4009 456 4051 1.

255 4081 265 4114 ³
282 4083 405 4129 Canones
419 4080 562 4144 Hippolyti
567 4117 574 4138 ,
590 4081 739 4129 canonibus
752 4083 790 4137 io,
805 4085 842 4138 52,
859 4083 1010 4128 memorant
1025 4080 1230 4142 hypodiaconos
1242 4081 1284 4140 iad
1300 4081 1353 4128 cai-

224 4173 283 4206 cem
300 4160 390 4222 operis
409 4159 568 4216 Duchcsne,
586 4158 713 4223 Oripines
731 4158 766 4205 du
788 4159 860 4207 cutte
880 4157 1015 4216 ciiretien,
1037 4158 1125 4216 Paris,
1147 4163 1220 4215 1903,
1236 4173 1262 4219 p.
1280 4157 1350 4222 528);

225 4252 318 4286 verum
338 4237 447 4285 difficile
469 4238 615 4285 admodum
638 4241 679 4286 est
702 4235 813 4284 delinire
835 4240 943 4285 aetatem
961 4237 1143 4294 collectionis,
1165 4240 1192 4283 et
1212 4236 1237 4282 in
1261 4237 1352 4298 specie

226 4316 401 4378 praelntorum
414 4329 547 4364 canonum
560 4319 603 4370 ⁴9,
618 4321 656 4363 52.
