3316 5052
329 461 383 516 284
597 465 640 516 DE
658 463 796 516 LEGIBUS
815 465 930 516 SAGRAE
948 461 1184 516 onblunnoms

329 606 413 673 item
443 607 531 672 inter
562 607 778 674 diaconatum
808 613 843 674 et
872 605 1173 698 presbyteratum
1207 603 1340 670 nullum
1370 625 1452 668 vero

330 722 552 788 interstitium
571 723 755 812 requiritur
773 723 862 788 inter
880 723 1016 788 ordines
1036 721 1184 786 minores
1196 723 1218 788 ¹.

376 951 471 1020 112.
491 989 534 1002 -
554 952 783 1029 Quaeritur:
808 953 851 1022 4⁰
876 949 959 1028 Quis
985 951 1178 1038 dispensare
1199 949 1308 1036 possit
1335 971 1355 1014 e
1383 948 1455 1034 teye

332 1066 606 1132 interstitiorum.

374 1181 474 1267 Resp.
490 1203 503 1247 .·
520 1180 550 1246 l.
567 1181 629 1247 Ius
643 1180 745 1248 babet
761 1182 934 1269 episcopus
953 1177 1173 1272 dispensandi
1191 1177 1227 1243 in
1246 1177 1451 1244 interstitiis.

331 1295 474 1362 Constat
500 1294 651 1361 textibus
677 1319 778 1384 supra
805 1295 922 1362 relatis
947 1299 999 1379 (n.
1028 1293 1126 1384 108)
1152 1293 1288 1359 concilii
1313 1292 1454 1358 Triden-

331 1408 411 1490 tini,
432 1409 468 1474 in
487 1409 611 1498 quibus
631 1410 828 1492 concilium,
846 1409 928 1475 dum
948 1409 1069 1476 statuit
1086 1408 1200 1494 legem
1218 1407 1260 1474 de
1279 1405 1454 1472 servandis

331 1523 539 1605 interstitiis,
561 1545 696 1612 semper
715 1523 833 1590 addit:
852 1551 868 1585 ι(
887 1523 962 1589 Nisi
976 1523 1070 1588 aliud
1084 1523 1235 1608 episcopo
1249 1519 1415 1601 videatur,
1435 1546 1452 1580 »

331 1643 390 1702 aut
407 1635 535 1724 aliquid
550 1635 756 1726 hujusmodi.
771 1677 816 1688 -
831 1637 917 1704 Cum
935 1642 1049 1702 autem
1066 1642 1217 1724 potestas
1235 1632 1455 1722 dispensandi

333 1751 378 1816 sit
397 1756 548 1839 potestas
563 1751 827 1839 jurisdictioniS,
845 1757 878 1816 et
897 1750 1038 1839 proinde
1058 1749 1205 1815 exerceri
1224 1755 1371 1836 nequeat
1389 1747 1456 1812 nisi

332 1866 368 1930 in
396 1864 568 1948 subditos,
599 1889 668 1931 non
699 1866 810 1930 omnis
839 1866 1018 1954 episcopus
1046 1863 1243 1951 dispensare
1272 1867 1386 1950 potest
1413 1859 1456 1926 ab

333 1979 547 2054 interstitiis:
570 1979 612 2045 de
632 2002 698 2068 quo
719 1981 790 2044 baec
809 1979 977 2046 dicende:
998 2001 1030 2046 a.
1053 1977 1241 2066 Episcopus
1261 1977 1403 2062 oriqinis
1422 1983 1457 2041 et

334 2093 514 2181 episcopus
538 2094 701 2159 domicilii
725 2093 920 2182 dispensare
943 2098 1088 2182 possunt
1111 2092 1174 2156 hos
1197 2089 1353 2156 subditos
1377 2113 1457 2155 suos

335 2230 421 2295 quos
441 2206 600 2273 ordinant
619 2231 679 2296 pro
700 2208 771 2273 suis
790 2207 958 2288 ecclesiis;
980 2206 1022 2272 de
1042 2229 1109 2295 quo
1128 2205 1223 2270 nulla
1245 2209 1359 2294 potest
1382 2227 1457 2270 esse

335 2319 534 2404 difficultas;
552 2360 594 2374 -
609 2323 643 2388 b.
663 2322 851 2411 Episcopus
866 2321 1018 2407 beneficii
1031 2327 1144 2408 potest
1163 2319 1246 2384 item
1260 2318 1458 2407 dispensare

336 2433 510 2500 subditum
530 2459 632 2524 quem
655 2437 791 2502 ordinat
812 2437 944 2502 ratione
966 2433 1141 2514 beneficii3
1163 2431 1244 2498 licet
1264 2433 1355 2498 enim
1374 2432 1457 2499 sub-

331 2550 436 2638 jectio
455 2551 585 2616 ratione
604 2549 759 2616 beneficii
779 2551 887 2616 multo
907 2549 1018 2614 minor
1038 2549 1082 2614 sit
1101 2545 1310 2635 subjectione
1330 2548 1458 2615 ratione

336 2664 497 2732 domicilii
517 2671 576 2730 aut
594 2665 751 2753 originis,
773 2670 923 2730 attamen
947 2669 1000 2728 est
1022 2684 1100 2727 vera
1125 2658 1309 2748 subjectio,
1332 2668 1366 2727 et
1389 2663 1458 2728 cle-

335 2782 426 2847 ricus
445 2779 504 2868 qui
522 2779 677 2867 possidet
695 2777 913 2859 beneficium,
935 2777 1039 2844 etiam
1057 2775 1220 2864 simplex,
1241 2775 1276 2840 in
1295 2776 1357 2842 tali
1375 2777 1458 2843 dioe-

336 2895 405 2960 cesi
425 2901 477 2958 est
496 2915 575 2958 vere
595 2894 753 2959 subditus
774 2893 924 2981 episcopi
947 2891 1047 2979 hujus
1070 2889 1243 2972 dioecesis,
1264 2891 1300 2954 in
1319 2891 1373 2956 his
1391 2893 1458 2957 sal-

336 3017 407 3074 tem
443 3031 518 3096 quae
554 3007 741 3096 respiciunt
777 3005 1105 3074 administrationem
1142 3005 1243 3091 hujus
1280 3003 1455 3086 beneficii3

338 3145 441 3210 quam
464 3119 710 3209 subjectionem
734 3121 873 3186 omnino
897 3119 1059 3208 supponit
1082 3117 1302 3184 Innocentius
1320 3117 1402 3200 XII,
1424 3120 1459 3184 in

337 3236 431 3302 bulla
450 3235 702 3321 Speculatores,
729 3237 745 3320 ἕ
769 3236 830 3316 3¹3
853 3241 887 3300 et
906 3234 953 3298 ita
972 3231 1197 3298 communiter
1216 3232 1393 3314 doctores;
1416 3273 1460 3283 -

337 3373 366 3417 c.
394 3349 514 3430 Quoad
538 3350 734 3439 episcopum
757 3348 1021 3435 familiarilatis,
1047 3345 1155 3435 major
1177 3353 1230 3412 est
1253 3346 1456 3428 difficultas3

339 3462 447 3528 multo
472 3471 587 3529 autem
610 3461 819 3552 probabilius
839 3461 974 3527 videtur
996 3460 1085 3526 hunc
1109 3481 1177 3524 non
1201 3483 1301 3548 posse
1325 3461 1460 3550 dispen-

339 3599 413 3643 sare
442 3577 643 3644 familiarem
671 3601 771 3644 suum
800 3576 842 3642 ab
870 3575 1078 3657 interstitiis,
1109 3575 1189 3663 quia
1218 3573 1260 3640 de
1288 3575 1377 3641 facto
1405 3575 1458 3640 bic

339 3692 514 3758 familiaris
537 3715 606 3757 non
630 3700 683 3757 est
709 3693 782 3780 ejus
806 3691 981 3774 subditus,
1010 3689 1058 3755 ita
1080 3695 1119 3755 ut
1141 3690 1216 3777 jus,
1242 3689 1334 3778 quod
1359 3688 1460 3755 babet

234 3809 238 3818 '
340 3807 518 3897 episcopus
537 3806 634 3871 illum
654 3805 847 3888 ordinandi,
862 3827 931 3870 non
946 3804 1074 3870 oriatur
1087 3827 1130 3869 ex
1143 3805 1351 3891 subjectione
1366 3803 1460 3868 Iami-

340 3920 450 4004 liaris,
481 3920 542 3986 sed
568 3943 611 3986 ex
632 3919 843 4007 'priciteqim'
873 3942 950 3985 cum
976 3940 1056 4006 ergo
1086 3917 1264 4006 privilegia
1297 3940 1365 3982 non
1393 3917 1462 3983 sint

372 4125 381 4160 ¹
399 4123 524 4191 synodus
542 4121 706 4184 Sciarscnsis
722 4121 866 4188 Syrorum,
884 4121 912 4170 in
931 4121 1020 4170 Monte
1039 4121 1141 4171 libano
1161 4119 1310 4177 cctcbrsts,
1327 4134 1370 4168 an.
1386 4123 1461 4179 1888,

341 4219 365 4254 c.
379 4219 405 4264 v,
421 4206 472 4252 art.
489 4207 532 4261 1³,
548 4205 560 4262 fi
576 4205 603 4260 t,
619 4215 645 4250 n.
662 4204 688 4261 t,
706 4201 811 4261 Romae,
828 4205 897 4261 1887,
914 4215 940 4264 p.
954 4205 1008 4249 138.

373 4284 384 4318 ¹
401 4282 473 4332 Butt.
488 4281 574 4340 Rom,
591 4283 611 4330 t.
627 4295 665 4339 ix,
682 4295 709 4344 p.
724 4285 779 4328 375.
