3246 5052
348 445 398 492 oon
688 447 729 494 nn
750 446 877 495 lunens
898 445 1134 496 onotnnrtonts

392 587 429 650 B.
453 588 487 652 Si
509 588 634 652 omissa
655 589 754 653 luerit
774 588 911 654 traditio
927 589 1002 653 libri
1024 587 1287 674 Evangeliorum
1303 582 1382 656 tirel.
1398 586 1473 672 ejus

346 699 432 780 loeo,
450 701 630 788 Missatist)
652 702 864 790 supplendus
879 709 931 767 est
951 703 1014 766 iste
1028 703 1125 782 ritus,
1139 725 1206 766 non
1222 723 1302 764 vero
1318 701 1472 765 iteranda

346 822 416 880 tota
436 816 620 898 ordinatio;
643 817 689 881 ita
709 840 750 880 ex
771 817 989 904 responsione
1010 815 1043 880 S.
1067 817 1136 881 Rit.
1160 815 1300 903 Congr.‚
1324 816 1356 878 in
1383 815 1473 878 Tau-

347 931 469 999 rinen..
497 929 535 994 16
551 931 639 1016 junii
661 931 777 996 18372.

390 1142 485 1210 297.
506 1181 549 1192 -
567 1145 624 1212 ΒΘ
644 1146 885 1232 episcopatu.
907 1183 950 1194 -
970 1144 1071 1208 Nulla
1093 1145 1158 1208 lere
1179 1165 1340 1231 responsa
1360 1165 1472 1205 sacra-

345 1279 419 1320 rum
435 1255 745 1342 Congregationum
761 1257 893 1346 prolata
909 1265 988 1322 sunt
1009 1258 1051 1322 de
1066 1256 1318 1322 consecratione
1338 1256 1471 1342 episeo-

344 1368 424 1454 pali,
447 1371 524 1456 quia
547 1371 704 1434 nimirum
726 1372 810 1435 ritus
831 1373 905 1452 iste,
925 1372 958 1434 in
979 1372 1049 1436 suis
1068 1369 1306 1435 essentialibus
1321 1369 1471 1432 elemen-

343 1483 399 1562 tis,
422 1483 694 1569 simplicissimus
715 1493 783 1562 est,
805 1485 894 1550 unde
916 1485 1060 1550 sufficiat
1080 1485 1149 1548 hmo
1169 1485 1278 1548 dicere
1301 1503 1309 1548 :

390 1600 420 1662 l.
444 1597 479 1660 Si
499 1597 622 1662 omissa
644 1599 744 1664 luerit
764 1599 936 1686 impositio
957 1622 1117 1663 manuum
1138 1621 1213 1662 oum
1240 1605 1329 1662 tactu
1349 1619 1470 1680 corpo-

343 1711 420 1790 rati,
447 1711 577 1796 integra
607 1711 775 1776 ordinatio
804 1713 956 1777 iteranda
982 1721 1034 1777 est
1060 1711 1123 1776 sub
1148 1711 1360 1786 condicione,
1389 1717 1467 1772 uta

342 1825 413 1909 pari
432 1823 609 1889 deducitur
629 1849 670 1890 ex
691 1850 792 1914 snpra
819 1828 919 1892 dictis
939 1827 980 1890 de
1002 1828 1064 1892 hae
1084 1825 1298 1912 impositione
1318 1825 1353 1887 in
1373 1846 1468 1909 pres-

340 1936 499 2024 byteratu
530 1947 563 2003 et
594 1939 785 2006 diaconatu.
823 1979 866 1990 —
897 1942 1040 2022 Verum,
1077 1943 1105 2004 si
1138 1947 1250 2004 tactus
1281 1937 1467 2026 corporalis

339 2052 485 2116 omissus
506 2053 604 2117 luerit
620 2061 753 2119 tantum
773 2079 813 2119 ex
830 2065 924 2144 parte
943 2057 1044 2120 unius
1060 2056 1113 2119 vel
1128 2055 1303 2141 utriusque
1317 2052 1466 2139 episcopi

309 2223 312 2228 .
339 2167 547 2237 assistentis,
575 2168 623 2231 nil
647 2170 838 2234 iterandum
859 2177 917 2235 aut
936 2170 1164 2258 supplendum
1184 2175 1252 2244 est,
1276 2167 1375 2230 modo
1395 2167 1465 2253 epi-

339 2303 462 2367 seopus
481 2291 696 2346 consecrator
715 2284 777 2348 rite
798 2286 911 2348 omnia
931 2285 1110 2372 peregerit.

382 2395 413 2458 2.
437 2393 471 2458 Si
487 2396 612 2460 omissa
629 2397 728 2462 suerit
748 2399 899 2463 totaliter
919 2399 1088 2486 impositio
1113 2397 1189 2462 libri
1210 2395 1463 2482 evangeliorum

337 2533 438 2594 super
461 2511 628 2574 cervicem
653 2511 768 2592 electi,
798 2514 876 2578 licet
906 2515 1019 2601 opinio
1046 2527 1182 2600 (supra,
1210 2535 1243 2575 n.
1267 2509 1366 2594 2'71)
1387 2531 1463 2594 quae

336 2630 429 2687 tenet
464 2625 550 2688 hano
578 2649 651 2690 esse
686 2628 862 2692 materiam
891 2629 1068 2715 partialem
1102 2627 1333 2714 episcopatus
1370 2621 1463 2686 nulla

335 2737 466 2801 fruatur
485 2738 733 2823 probabilitate,
752 2751 833 2828 puto
850 2750 963 2806 tamen
983 2741 1072 2806 huno
1088 2741 1191 2806 ritum
1207 2763 1280 2804 esse
1300 2738 1463 2825 supplen-

335 2851 433 2924 dum,
456 2859 594 2938 propter
623 2877 718 2918 suam
749 2857 1012 2921 remotissimam
1037 2855 1290 2942 antiquitatem,
1313 2859 1346 2916 et
1366 2859 1460 2923 tune,

335 2964 422 3028 libro
458 2966 520 3031 rite
556 2969 732 3055 imposit0,
765 2970 955 3036 recitandas
984 2993 1058 3034 esse
1088 2969 1258 3033 orationes
1287 2991 1362 3054 quae
1391 2989 1462 3030 eor-

336 3081 557 3166 respondent,
581 3105 701 3170 nempe
726 3085 913 3148 orationem
937 3085 1128 3169 Propitiare
1152 3092 1186 3148 et
1205 3089 1312 3146 totam
1332 3082 1463 3164 Pra‘sa-

336 3195 476 3274 tionem,
499 3196 634 3259 omissis
659 3197 699 3260 iis
722 3221 797 3285 quae
822 3199 1007 3285 respiciunt
1031 3199 1221 3262 unctiones
1244 3235 1288 3245 -
1312 3195 1347 3260 Si
1367 3218 1460 3264 nero,

335 3315 372 3371 ut
393 3308 426 3370 in
447 3310 557 3396 specie
577 3334 652 3398 quer
671 3314 845 3400 proposita
864 3320 915 3377 est
935 3312 969 3378 S.
993 3311 1112 3377 Officio
1132 3312 1185 3376 die
1207 3313 1247 3376 to
1262 3310 1340 3398 julii
1361 3310 1460 3380 11101,

335 3421 421 3484 liber
447 3424 584 3509 quidem
607 3425 787 3512 impositus
814 3435 882 3507 est,
917 3427 976 3492 sed
999 3428 1122 3508 serius,
1154 3425 1201 3488 nil
1233 3425 1460 3511 supplendum

334 3533 398 3614 est,
422 3537 471 3600 uti
491 3537 617 3603 decidit
636 3539 697 3604 hac
718 3541 771 3606 die
791 3541 1024 3622 S.,Olfioium,
1048 3541 1106 3605 sed
1131 3540 1425 3625 „lequiescendum
1438 3540 1458 3601 ³.

380 3653 410 3715 3.
444 3651 477 3714 Si
509 3654 634 3717 omissa
660 3654 761 3720 fuerit
790 3656 926 3720 traditio
955 3655 1032 3719 libri
1060 3655 1314 3741 evangeliorum
1340 3653 1459 3728 clausi,

334 3764 414 3828 licet
433 3765 546 3851 opinio
564 3769 715 3834 llurandi
734 3778 768 3835 et
788 3771 928 3850 Hallier‚
947 3771 1005 3858 qui
1024 3777 1142 3836 tenent
1157 3769 1242 3834 hano
1263 3769 1366 3832 etiam
1388 3791 1461 3833 esse

334 3879 510 3944 materiam
530 3883 724 3969 partialem,
752 3907 820 3948 non
843 3885 1000 3949 videatur
1020 3882 1219 3972 probabilis.
1242 3891 1325 3970 puto
1346 3891 1459 3947 tamen

367 4027 373 4058 ¹
393 4025 419 4073 S.
433 4025 543 4075 Ilitunm
557 4027 663 4090 Congr..
681 4031 705 4076 tn
718 4030 819 4081 Erien..
833 4037 861 4077 27
876 4035 945 4094 sept.
960 4037 1027 4086 taio,
1044 4033 1077 4079 ad
1089 4037 1110 4080 7.
1125 4031 1235 4079 Decreta
1251 4031 1338 4087 aneta,
1351 4047 1377 4079 n.
1390 4036 1458 4078 ³3¹5.

333 4107 353 4153 t.
371 4121 410 4162 ιιι,
428 4121 453 4168 p.
471 4111 508 4155 -t0.

364 4183 374 4214 ²
392 4183 504 4232 Decreta
520 4185 606 4243 autb,
623 4201 647 4235 n.
665 4191 733 4238 2767.
751 4190 770 4234 t.
788 4203 817 4247 n,
835 4203 861 4249 p.
876 4193 929 4236 27³.

364 4261 374 4294 ³
393 4263 456 4308 Aeta
473 4263 497 4310 S.
514 4263 602 4316 Senis.
620 4270 639 4314 t.
656 4281 742 4322 xxxiv,
761 4283 786 4327 p.
803 4271 867 4313 119-
880 4271 929 4316 tao.
