3316 5052
439 487 483 538 DE
502 485 765 547 PRAEREQUISITIS
783 485 827 536 ln
847 485 1099 536 onnlnanonnn
1279 485 1328 540 ³0¹

208 635 260 713 et,
281 653 323 697 ex
341 631 447 696 altera
468 635 580 720 parte,
602 635 641 695 ut
660 628 789 694 dictum
808 635 877 711 est,
899 629 1049 719 episcopi
1069 630 1232 698 liberrimi
1252 642 1331 700 sunt

209 746 321 834 quoad
345 747 484 810 modum
508 750 543 809 et
567 752 699 830 tempus
722 745 903 828 examinis,
934 750 969 810 et
992 745 1104 833 quoad
1127 748 1332 834 desipnatio-

209 883 285 924 nem
309 861 598 942 examinatorum,
625 856 726 922 modo
751 857 786 921 hi
810 857 958 923 habeant
983 859 1080 924 dotes
1106 861 1286 950 requisitas
1313 887 1333 930 a

208 973 351 1040 concilio
371 972 478 1055 Trid.,
500 993 623 1059 nempe
646 971 748 1037 modo
772 971 842 1036 sint
860 973 966 1058 periti
989 973 1108 1039 divinae
1130 975 1212 1061 lepis
1234 999 1274 1042 ac
1298 979 1333 1044 in

208 1089 436 1153 ecclesiasticis
472 1087 703 1152 sanctionibus
740 1087 930 1170 exercitati,
956 1067 1081 1175 quales
1113 1089 1225 1155 solent
1256 1075 1331 1158 esse

209 1201 438 1267 moderatores
464 1210 498 1268 et
525 1199 735 1289 professores
761 1200 1039 1278 seminariorum;
1068 1202 1159 1268 unde
1187 1203 1223 1269 hi
1250 1213 1331 1272 sunt

209 1315 307 1404 quasi
321 1317 568 1381 examinatores
589 1316 659 1380 nati
678 1337 739 1402 pro
760 1315 922 1380 scrutinio
937 1315 1202 1384 ordinandorum
1220 1338 1227 1386 :
1244 1323 1336 1408 quod

209 1428 431 1517 longissimus
457 1429 547 1517 apud
573 1452 635 1494 nos
661 1451 744 1495 usus
772 1429 997 1496 confirmavit.
1023 1470 1069 1480 -
1096 1432 1272 1516 Ceterum,
1298 1441 1336 1500 ut

211 1551 321 1632 patet,
348 1544 407 1632 jus
439 1545 611 1631 integrum
642 1543 800 1631 episcopo
831 1551 984 1610 remanet
1017 1545 1220 1633 designandi
1252 1548 1336 1614 alios

211 1658 478 1740 examinatores,
507 1658 579 1723 sive
605 1680 666 1745 pro
693 1657 848 1722 examine
877 1658 1043 1742 scientim,
1073 1659 1145 1726 sive
1170 1685 1232 1750 pro
1258 1663 1335 1728 aliis

212 1773 442 1862 inquisitionis
461 1771 632 1860 partibus,
654 1771 710 1836 vel
729 1772 832 1836 etiam
852 1770 917 1836 sibi
936 1775 1133 1840 reservandi
1152 1797 1307 1842 examen,

338 2115 381 2180 ll.
409 2116 460 2180 DE
483 2135 647 2182 SGIIU'IINIO
671 2136 809 2182 sunclnnl
834 2137 893 2183 PRO
917 2136 1085 2183 onnlnlnns
1109 2139 1214 2185 saenis

262 2376 356 2445 118.
377 2413 421 2424 —
440 2377 650 2444 Decretum
670 2373 830 2444 concilii
849 2375 1087 2445 Tridentini.
1107 2415 1147 2426 -
1167 2379 1239 2444 Hoc
1258 2403 1342 2444 eon-

216 2489 347 2570 cilium,
381 2512 454 2577 cap.
486 2487 544 2553 Aa
573 2489 735 2573 minores,
764 2491 801 2572 5,
830 2513 914 2555 sess.
943 2489 1072 2572 XXIII,
1102 2491 1152 2555 Dn
1179 2513 1264 2576 nnn,
1293 2495 1341 2558 sic

216 2605 366 2672 statuit:
394 2629 410 2665 a
439 2603 484 2668 Hi
507 2624 588 2668 vero
615 2603 674 2690 qui
700 2603 743 2668 ad
769 2603 922 2690 singulos
949 2603 1093 2691 majores
1120 2613 1220 2671 erunt
1246 2630 1343 2673 assu-

217 2719 347 2800 mendi,
369 2740 429 2805 per
447 2739 600 2782 mensem
619 2724 698 2782 ante
718 2717 965 2782 ordinationem
985 2717 1183 2808 episcopum
1202 2720 1340 2804 adeant,

217 2833 276 2921 qui
308 2831 471 2921 parocho,
505 2838 564 2896 aut
597 2829 710 2912 alteri,
742 2830 797 2896 cui
828 2831 936 2918 magis
969 2831 1128 2919 expedire
1159 2833 1340 2918 videbitur,

217 2947 424 3028 committat,
455 2951 494 3010 ut
523 2945 717 3010 nominibus
746 2967 784 3009 ac
812 2945 976 3010 desiderio
1002 2968 1120 3011 corum
1146 2949 1207 3034 qui
1233 2949 1343 3014 volent

212 3061 424 3148 promoveri,
438 3059 576 3144 publice
597 3059 632 3123 in
652 3059 786 3123 ccclesia
801 3060 1003 3144 propositis,
1021 3060 1062 3124 cle
1082 3061 1234 3148 ipsorum
1253 3065 1343 3128 ordi-

219 3175 412 3240 nandorum
455 3171 642 3256 natalibus,
681 3181 792 3256 atate,
837 3173 1006 3258 moribus,
1045 3182 1077 3238 ct
1115 3175 1182 3240 vita
1219 3197 1238 3241 a
1274 3179 1342 3263 fide

218 3290 332 3375 ‹lipnis
350 3288 536 3374 diliqentcr
555 3287 720 3373 inquirat,
743 3293 777 3351 et
796 3286 930 3353 litteras
948 3287 1211 3372 testimoniales,
1234 3290 1342 3380 ipsam

219 3402 474 3492 inquisitionem
505 3400 629 3466 saetam
665 3401 893 3482 continentes,
924 3401 968 3466 ad
999 3402 1112 3491 ipsum
1145 3404 1342 3495 episcopum

219 3517 471 3607 quamprimum
490 3515 711 3580 transmittat.
732 3543 747 3576 »
765 3514 918 3580 -Licet
937 3515 1001 3581 hoc
1019 3515 1209 3601 decretum,
1231 3523 1344 3610 quoad

220 3631 403 3720 specialem
428 3629 572 3695 formam
598 3629 846 3717 praescriptam,
875 3629 920 3693 sit
945 3652 1088 3712 novum,
1117 3638 1268 3698 attamen
1292 3643 1344 3702 est

221 3743 360 3811 omnino
391 3743 562 3810 conlonne
593 3743 741 3832 antiquae
770 3741 974 3832 disciplinae,
998 3743 1098 3831 juxta
1126 3768 1228 3833 quam
1256 3749 1345 3816 ordi-

221 3859 355 3924 nandus
369 3857 496 3924 bonum
510 3857 745 3924 testimonium
759 3863 794 3923 et
808 3855 1086 3947 approbationem
1101 3859 1224 3927 habere
1243 3861 1345 3930 debe-

221 3973 296 4055 bat,
327 3971 515 4062 praesertim
543 3995 563 4038 a
590 3971 717 4060 populo
744 3978 778 4038 et
803 3971 981 4061 parocho¹.
1013 3971 1074 4036 Hae
1097 3974 1345 4058 publicationes

222 4090 351 4173 suturae
371 4085 594 4152 ordinationis
617 4084 747 4150 similes
770 4085 908 4150 omnino
932 4093 1014 4150 sunt
1037 4083 1091 4152 his
1114 4087 1345 4158 denunciatio-

257 4307 265 4342 ¹
284 4306 323 4356 CI.
339 4305 451 4366 Hnllicr,
467 4306 536 4368 part..
553 4301 578 4364 l,
594 4305 660 4354 sect.
678 4319 700 4364 r,
715 4319 739 4353 c.
755 4319 786 4364 n,
802 4303 854 4354 col.
870 4306 915 4354 lit
930 4317 971 4368 sq.
