3316 5052
320 478 364 529 DE
383 476 505 528 DEBITA
524 475 745 529 SUGOESSIONE
763 477 1039 530 RECIPIENDORUM
1058 479 1213 532 ORDlNUlt
1276 478 1329 532 287

202 621 338 690 ordines
358 643 474 687 saeros
491 621 625 686 duobus
643 621 761 686 diebus
780 622 964 706 continuis,
985 624 1124 688 servatis
1142 625 1325 690 servandis.

202 776 247 785 —
270 735 326 802 Sic
352 755 360 802 :
389 738 420 800 1.
448 735 620 801 Diaconus
643 735 791 822 recipere
814 743 929 823 potest
952 735 1227 824 presbyteratum
1250 737 1329 804 sab-

202 850 283 916 bato
303 849 457 930 Quatuor
475 849 697 937 Temporum,
719 855 769 932 et,
792 848 961 916 dominica
980 852 1133 938 proxime
1154 854 1326 942 sequenti,

203 965 454 1052 episcopatum,
476 969 516 1028 ut
538 962 668 1029 dietum
692 970 745 1029 est
768 985 888 1051 supra,
914 987 949 1030 n.
973 965 1072 1049 108,
1094 967 1147 1048 7⁰;
1170 1003 1215 1018 -
1237 967 1271 1034 2.
1294 966 1331 1034 Si

203 1077 432 1144 subdiaconus
446 1075 570 1144 habeat
584 1077 757 1142 indultum
771 1087 868 1142 extra
884 1086 1047 1163 tempore,
1064 1087 1100 1145 et
1113 1080 1330 1170 dispensetur

203 1191 246 1258 ab
265 1191 474 1278 interstitiis,
491 1191 640 1279 recipere
658 1198 774 1278 potest
788 1191 1004 1257 diaconatum
1019 1192 1162 1259 sabbato
1178 1194 1330 1275 Quatuor

203 1305 424 1395 Temporum,
451 1311 502 1387 et,
528 1305 564 1372 vi
591 1303 716 1371 indulti
725 1307 748 1388 ¹,
775 1304 944 1372 dominica
972 1307 1125 1394 proxime
1154 1311 1326 1398 sequenti,

202 1418 498 1508 presbyteratum
515 1419 569 1485 hic
590 1419 680 1485 enim
700 1441 768 1484 non
787 1419 907 1486 incidit
926 1419 961 1485 iu
980 1419 1244 1508 prohibitionem
1259 1423 1331 1488 Tri-

203 1534 395 1618 dentinam,
421 1533 543 1600 necin
568 1555 685 1599 casum
709 1533 1003 1600 Innocentianum.
1030 1533 1154 1602 Errant
1177 1536 1330 1624 prolecto

203 1649 263 1738 qui
282 1648 402 1714 dieunt
419 1649 456 1713 in
470 1647 535 1713 hoc
549 1669 630 1714 casu
643 1668 713 1713 non
728 1669 829 1736 posse
844 1647 949 1737 recipi
964 1648 1050 1715 duos
1064 1651 1200 1716 ordines
1216 1673 1331 1718 sacros

204 1759 338 1829 duobus
354 1761 478 1832 ,diebus
498 1762 701 1829 continuis¹.

250 1877 285 1942 l⁰
311 1876 407 1942 Licet
432 1877 489 1942 lex
514 1877 596 1959 ista,
625 1876 666 1942 de
692 1899 761 1942 non
787 1875 989 1964 recipiendis
1017 1901 1085 1944 uno
1114 1878 1168 1944 die
1197 1877 1331 1946 duobus

90 2075 94 2083 ,
203 1989 380 2057 ordinibus
399 1989 521 2072 saeris,
542 1989 664 2056 iisdem
685 1989 755 2056 sere
777 1990 968 2058 rationibus
993 1993 1123 2059 nitatur
1146 2016 1185 2059 ac
1208 1993 1264 2058 lex
1289 1994 1333 2060 de

203 2104 382 2171 servandis
408 2105 618 2189 interstitiis,
647 2111 815 2187 attamen,
846 2104 938 2194 quod
966 2113 1098 2195 spectat
1123 2106 1167 2172 ad
1193 2108 1329 2174 ordines

202 2241 333 2306 sacros,
355 2219 489 2286 diversa
508 2241 648 2307 prorsus
667 2225 720 2285 est
738 2217 781 2285 ab
800 2219 864 2285 hac
882 2219 970 2308 lege.
992 2219 1129 2286 Etenim
1148 2221 1330 2312 separatim

202 2335 377 2423 proposita
397 2340 503 2400 estet
526 2340 655 2400 statuta
674 2357 694 2398 a
713 2332 856 2399 concilio
876 2333 983 2416 Trid.,
1006 2335 1063 2400 cit.
1086 2357 1160 2422 cap.
1182 2335 1331 2402 Subdia-

203 2449 300 2534 coni,
335 2454 370 2515 et
402 2446 607 2537 specialibus
640 2471 679 2514 ac
712 2446 938 2514 severioribus
975 2447 1137 2514 clausulis
1175 2450 1328 2534 munita,

204 2583 352 2651 nempe:
382 2589 399 2624 «
423 2561 614 2650 privilegiis
642 2584 680 2627 ac
699 2561 843 2626 indultis
931 2583 1000 2627 non
1020 2561 1236 2628 obstantibus
1256 2564 1332 2652 qui-

204 2676 428 2766 buscumque.
452 2704 468 2739 »
489 2675 589 2743 Unde
607 2675 667 2764 qui
685 2674 902 2762 dispensatur
921 2699 940 2740 a
960 2677 1035 2764 lege
1054 2675 1327 2758 interstitiorum,

205 2790 423 2880 dispensatus
441 2812 511 2856 non
530 2795 688 2855 censetur
706 2788 748 2854 ab
769 2787 831 2854 hae
851 2789 989 2877 speciali
1004 2789 1095 2877 lege,
1114 2797 1148 2855 et
1163 2791 1328 2880 episcopi,

205 2904 330 2994 quibus
350 2905 571 2971 commissum
594 2911 647 2970 est
671 2927 691 2969 a
715 2925 810 2969 cone.
833 2903 925 2969 Trid.
952 2909 1064 2968 totum
1087 2903 1264 2991 negotium
1289 2903 1330 2970 de

205 3018 399 3086 relaxandis
431 3017 641 3100 interstitiis,
676 3017 873 3106 dispensare
910 3039 979 3083 uon
1011 3025 1157 3106 possunt
1193 3015 1236 3084 ab
1268 3017 1332 3084 hac

205 3133 293 3221 lege.
1365 3121 1367 3126 ¹

252 3249 288 3314 5⁰
304 3247 386 3314 lure
409 3245 645 3328 decretalium,
668 3245 697 3310 si
721 3245 815 3334 quis,
842 3251 961 3310 contra
984 3243 1111 3311 dictam
1134 3243 1332 3333 probibitio·

206 3383 303 3446 nem,
324 3361 466 3450 recipiat
484 3359 604 3427 eodem
623 3359 683 3424 die
697 3359 783 3425 duos
807 3358 943 3424 ordines
963 3381 1094 3442 sacros,
1117 3357 1279 3426 ordinans
1298 3366 1332 3424 et
1424 3447 1428 3456 .

207 3476 384 3543 ordinatus
402 3498 503 3564 poeua
527 3471 762 3562 suspensionis
780 3471 987 3560 plectuntur,
1009 3473 1173 3538 ordinans
1190 3497 1209 3539 a
1228 3471 1332 3539 colle-

206 3591 300 3657 tione
318 3589 463 3656 duorum
481 3587 639 3654 ordinum
653 3585 742 3652 male
757 3585 974 3668 collatorum,
991 3586 1168 3652 ordinatus
1181 3585 1224 3652 ab
1239 3609 1334 3653 exer-

208 3703 288 3771 citio
312 3703 441 3770 ordinis
464 3701 612 3770 secundo
636 3700 711 3765 loco
731 3699 897 3787 suscepti,
919 3722 962 3765 ex
988 3699 1045 3766 cit.
1067 3721 1141 3788 cap.
1164 3699 1333 3784 Litterae,·

207 3841 327 3885 verum
351 3815 588 3906 disputabatur
614 3821 728 3881 utrum
752 3814 823 3879 haec
847 3813 1026 3901 suspensio
1054 3821 1145 3880 esset
1169 3813 1259 3900 lata,
1289 3836 1332 3880 an

208 3939 342 4001 tantum
360 3932 508 4020 serenda
521 3931 704 3997 sententia.
725 3967 770 3978 -
789 3925 962 4016 Quidquid
981 3933 1049 4010 est,
1067 3928 1215 3994 cessavit
1233 3925 1333 3993 hodie

240 4137 249 4171 ¹
267 4137 327 4187 Nisi
341 4135 434 4186 obstet
446 4137 527 4186 tenor
539 4133 651 4192 indulti,
665 4146 693 4182 v.
707 4147 743 4194 g.‚
759 4131 782 4178 ni
798 4130 919 4192 requirat
932 4129 1042 4193 aliquod
1056 4129 1240 4180 intervallum.

239 4218 251 4252 ἱ
267 4215 310 4268 lte
323 4213 429 4280 opimi
443 4213 570 4264 videntur
579 4211 698 4271 Fer-rari,
707 4209 819 4260 Summa
832 4206 897 4258 tut.
908 4221 1016 4268 cenom,
1032 4223 1059 4259 n.
1068 4213 1113 4269 tt,
1126 4207 1250 4270 Parisiis,
1263 4210 1333 4266 18⁶0,

209 4297 230 4344 t.
245 4311 267 4356 r,
282 4309 309 4359 p.
325 4297 385 4356 Μῦς
402 4319 430 4332 -
444 4289 620 4352 d'Anntbsle,
633 4287 789 4347 summale,
805 4289 826 4337 t.
839 4301 881 4346 nr,
896 4287 939 4338 ed.
954 4293 984 4349 ³,
999 4302 1026 4337 n.
1041 4289 1101 4346 2⁹⁴,
1117 4301 1145 4351 p.
1160 4290 1216 4338 2⁴5.
