3290 5060
331 463 366 516 96
599 461 643 511 DE
663 458 800 510 LEGIBUS
820 457 934 507 SACRAE
953 452 1190 507 ORDlNATIONlS

326 631 391 695 per
407 605 651 670 habitationem
670 602 881 666 decennalem
899 602 934 665 in
954 601 1040 682 loco,
1054 600 1179 686 juncto
1192 597 1394 683 juramento
1411 591 1459 656 ibi

327 729 492 810 perpetuo
512 718 681 784 manendi.
698 755 743 764 —-
763 715 907 782 Constat
926 735 1084 802 expresse
1104 718 1201 778 textu
1220 709 1278 774 cit.
1295 747 1339 757 -
1358 706 1459 773 Unde

331 836 397 902 duo
417 835 585 900 elementa
604 831 844 920 requiruntur:
864 829 893 894 l.
912 827 1090 892 Habitatio
1104 825 1293 890 decennalis
1312 823 1347 886 in
1366 821 1457 900 loco,

330 972 453 1038 nempe
477 949 512 1012 in
531 969 635 1035 pago,
657 944 781 1034 oppido
805 943 860 1008 vel
884 943 1038 1022 civitate,
1064 939 1122 1006 ubi
1146 939 1223 1028 quis
1246 935 1459 1002 domicilium

331 1062 528 1143 eonstituit;
560 1059 652 1148 quod
683 1058 884 1124 decennium
915 1056 1120 1144 intelligitur
1147 1063 1187 1120 ut
1218 1053 1253 1116 in
1283 1049 1457 1116 domicilio

330 1177 515 1259 ordinario,
532 1196 654 1262 nempe
669 1171 858 1262 perdecem
873 1193 981 1238 annos
994 1176 1215 1260 protractum,
1231 1175 1266 1232 et
1281 1167 1459 1232 moraliter

331 1313 397 1356 non
411 1291 665 1373 interruptum,·
684 1285 759 1350 dico
780 1286 956 1350 moraliter
962 1303 977 1368 ,·
996 1307 1088 1364 narn,
1105 1306 1148 1348 ex
1162 1282 1334 1348 communi
1348 1275 1458 1345 homiss

330 1427 413 1470 num
431 1401 669 1483 aestimatione,
690 1423 758 1464 non
778 1405 937 1464 censetur
954 1397 1032 1486 quis
1050 1397 1296 1486 interrumpere
1315 1396 1457 1460 domici-

329 1518 425 1600 lium,
448 1517 476 1583 si
495 1513 631 1604 quando
650 1513 739 1579 absit
758 1513 814 1578 vel
832 1512 1022 1594 itineretur,
1039 1517 1158 1600 postea
1176 1530 1395 1592 reversurus3
1411 1549 1457 1560 -

328 1633 362 1700 2.
378 1633 621 1698 duramentum
635 1637 801 1715 perpetuo
822 1628 1002 1710 manendi,·
1016 1633 1075 1692 aut
1093 1625 1456 1714 potiusjuramentum

328 1769 396 1836 quo
413 1744 620 1811 ordinandus
628 1746 758 1830 jurans
771 1744 925 1828 affirmet
939 1763 973 1806 se
988 1742 1112 1806 babere
1126 1742 1280 1806 animum
1290 1749 1456 1826 perpetuo

329 1860 509 1942 manendi,·
528 1858 662 1923 animus
687 1855 824 1945 quidem
847 1862 1012 1944 perpetuo
1036 1855 1197 1922 manendi
1220 1855 1255 1919 iu
1279 1855 1354 1918 loco
1378 1876 1456 1941 per-

328 1974 415 2039 tinet
433 1972 477 2037 ad
495 1971 678 2036 essentiam
697 1969 880 2050 domicilii;
903 1969 978 2050 sed,
1002 1969 1046 2034 ad
1068 1968 1276 2033 amovendas
1299 1967 1453 2048 fraudes,

323 2086 422 2176 jubet
454 2084 675 2150 Innocentius
704 2083 796 2149 hunc
826 2083 978 2148 animum
1008 2082 1230 2170 jurejurando
1265 2081 1453 2147 affirmari:

331 2228 346 2261 a
361 2201 403 2266 Se
418 2222 493 2264 vere
506 2207 538 2264 et
552 2199 689 2264 realiter
703 2199 857 2263 animum
871 2198 1072 2285 hujusmodi
1086 2197 1209 2262 babere
1217 2196 1455 2284 jurejurando

327 2337 346 2380 a
365 2317 492 2400 firmet.
514 2340 530 2374 »
549 2351 594 2362 —
613 2313 686 2378 Hoc
706 2312 941 2401 juramentum
963 2311 1117 2400 praestari
1141 2309 1229 2376 solet
1252 2333 1366 2376 coram
1385 2309 1455 2398 epi-

327 2451 429 2516 scopo
449 2433 509 2493 aut
527 2427 570 2492 ab
594 2450 633 2491 eo
654 2425 829 2514 delegato;
851 2426 927 2508 sed,
950 2434 989 2491 ut
1006 2433 1117 2514 patet,
1139 2425 1317 2514 episcopus
1341 2431 1455 2512 potest

327 2550 503 2630 acceptare
528 2541 762 2629 juramentum
792 2563 906 2606 coram
935 2540 1002 2606 alio
1031 2540 1205 2605 emissum.
1236 2539 1455 2604 Innocentius

326 2657 418 2723 enim
437 2655 590 2744 praecipit
607 2662 743 2720 tantum
755 2657 1011 2741 juramentum.

371 2770 411 2838 B.
423 2770 596 2835 Posterior
609 2770 729 2834 modus
741 2769 964 2833 contrahendi
976 2769 1188 2834 domicilium
1200 2769 1450 2856 qualificatum,

325 2885 370 2950 ad
385 2886 530 2950 ordines.
546 2923 590 2934 —
606 2883 836 2964 Domicilium,
854 2883 897 2948 ad
912 2883 1061 2966 ordines,
1078 2883 1288 2949 contrahitur
1302 2882 1453 2948 secundo

324 3021 386 3087 per
401 2999 657 3062 tramlationem
672 2997 841 3061 bonorum
854 2997 888 3060 in
909 2997 1021 3062 locum
1036 2997 1215 3080 domicilii,
1228 2999 1349 3086 juncta
1364 3019 1454 3062 com-

327 3113 513 3177 moratione
538 3111 682 3176 notabili
707 3111 742 3174 iu
769 3111 896 3176 edibus
924 3112 1114 3198 instructis,
1144 3112 1326 3201 additoque
1349 3114 1454 3199 jura·

327 3234 450 3290 mento.
468 3224 669 3290 -Constat
688 3247 847 3312 expresse
862 3231 959 3289 textu
977 3226 1035 3292 oit.
1053 3225 1208 3292 -Unde
1224 3234 1369 3316 quatuor
1382 3225 1454 3291 ele-

325 3346 440 3406 menta
459 3339 700 3429 requiruntur:
720 3337 751 3405 l.
775 3339 966 3405 Translatio
987 3342 1130 3430 majoris
1145 3342 1257 3428 partis
1278 3335 1394 3406 rerum
1413 3363 1453 3405 ac

324 3455 494 3519 bonorum
527 3453 562 3518 in
595 3452 709 3517 locum
747 3453 928 3534 domicilii;
964 3454 1077 3541 agitur
1109 3461 1242 3521 tantum
1277 3455 1319 3520 de
1351 3454 1452 3519 bonis

326 3568 509 3632 mobilibus
515 3585 530 3650 ,·
549 3589 618 3631 non
642 3567 824 3655 requiritur
847 3591 929 3655 ergo
952 3575 991 3632 ut
1009 3569 1202 3634 vendantur
1220 3568 1310 3634 bona
1329 3570 1451 3634 immo-

323 3681 406 3746 bilia
433 3703 508 3769 quoe
536 3679 617 3746 alibi
645 3681 881 3769 possidentur,
912 3681 1035 3747 nullibi
1063 3683 1154 3747 enim
1183 3684 1377 3772 requiritur,
1406 3682 1451 3747 ad

323 3795 491 3860 rationem
509 3794 580 3860 veri
599 3794 777 3875 domicilii,
794 3802 833 3860 ut
851 3794 939 3860 bona
958 3795 1145 3862 immobilia
1164 3819 1234 3861 non
1252 3797 1451 3886 possidean-

322 3915 381 3974 tur
398 3915 494 3974 extra
508 3907 622 3974 locum
637 3908 816 3990 domicilii;
834 3909 924 3975 unde
938 3908 1026 3975 bona
1041 3909 1229 3976 immobilia
1244 3910 1451 3976 sufficienter

322 4022 584 4104 transferuntur,
603 4022 632 4087 si
650 4022 859 4088 ordinandus
880 4046 997 4089 eorum
1017 4023 1183 4090 fructibus
1204 4032 1263 4090 aut
1283 4023 1450 4090 reditibus

323 4143 439 4204 utatur
464 4137 499 4202 in
525 4139 600 4202 loco
626 4136 808 4218 domicilii;
836 4137 884 4203 ita
910 4142 1064 4220 omnes¹;
1087 4175 1131 4190 -
1156 4139 1189 4205 2.
1216 4139 1449 4206 Commoratio

354 4283 364 4318 ¹
382 4283 422 4333 Cl.
437 4283 609 4340 Honorante,
626 4297 652 4344 p.
667 4285 721 4340 100,
738 4297 764 4330 n.
779 4287 807 4342 6;
823 4309 854 4320 -
869 4282 974 4342 Lucidi,
991 4283 1041 4333 loc.
1058 4281 1114 4344 cil,
1128 4299 1154 4333 n.
1170 4289 1209 4346 00,
1225 4301 1252 4350 p.
1269 4289 1322 4335 160.
