<?xml version="1.0" encoding="UTF-8"?>
<!DOCTYPE html PUBLIC "-//W3C//DTD XHTML 1.0 Transitional//EN"
    "http://www.w3.org/TR/xhtml1/DTD/xhtml1-transitional.dtd">
<html xmlns="http://www.w3.org/1999/xhtml" xml:lang="en" lang="en">
 <head>
  <title>
</title>
<meta http-equiv="Content-Type" content="text/html;charset=utf-8" />
  <meta name='ocr-system' content='tesseract 3.04.00' />
  <meta name='ocr-capabilities' content='ocr_page ocr_carea ocr_par ocr_line ocrx_word'/>
</head>
<body>
  <div class='ocr_page' id='page_1' title='image "./praelectionesde00manygoog_0331.png"; bbox 0 0 3316 5052; ppageno 0'>
   <div class='ocr_carea' id='block_1_1' title="bbox 312 471 1175 526">
    <p class='ocr_par' dir='ltr' id='par_1_1' title="bbox 312 471 1175 526">
     <span class='ocr_line' id='line_1_1' title="bbox 312 471 1175 526; baseline -0.001 -1"><span class='ocrx_word' id='word_1_1' title='bbox 312 474 363 526; x_wconf 77' lang='lat'><strong>3¹8</strong></span> <span class='ocrx_word' id='word_1_2' title='bbox 580 473 624 522; x_wconf 83' lang='lat' dir='ltr'><strong>DE</strong></span> <span class='ocrx_word' id='word_1_3' title='bbox 643 472 782 524; x_wconf 81' lang='lat' dir='ltr'><strong>LEGIBUS</strong></span> <span class='ocrx_word' id='word_1_4' title='bbox 801 471 917 524; x_wconf 76' lang='lat' dir='ltr'>SACRAE</span> <span class='ocrx_word' id='word_1_5' title='bbox 936 471 1175 524; x_wconf 78' lang='lat' dir='ltr'><strong>OIIDINATIONIS</strong></span> 
     </span>
    </p>
   </div>
   <div class='ocr_carea' id='block_1_2' title="bbox 229 616 1441 3216">
    <p class='ocr_par' dir='ltr' id='par_1_2' title="bbox 309 616 1436 812">
     <span class='ocr_line' id='line_1_2' title="bbox 309 616 1436 704; baseline -0.004 -20"><span class='ocrx_word' id='word_1_6' title='bbox 309 617 542 698; x_wconf 77' lang='lat' dir='ltr'><strong>documentis,</strong></span> <span class='ocrx_word' id='word_1_7' title='bbox 564 639 597 680; x_wconf 87' lang='lat' dir='ltr'><strong>v.</strong></span> <span class='ocrx_word' id='word_1_8' title='bbox 621 640 670 702; x_wconf 86' lang='lat' dir='ltr'><strong>g.,</strong></span> <span class='ocrx_word' id='word_1_9' title='bbox 693 639 734 680; x_wconf 84' lang='lat' dir='ltr'><strong>ex</strong></span> <span class='ocrx_word' id='word_1_10' title='bbox 755 616 951 681; x_wconf 89' lang='lat' dir='ltr'><strong>testimonio</strong></span> <span class='ocrx_word' id='word_1_11' title='bbox 975 617 1159 704; x_wconf 90' lang='lat' dir='ltr'><strong>superioris</strong></span> <span class='ocrx_word' id='word_1_12' title='bbox 1184 623 1219 681; x_wconf 89' lang='lat' dir='ltr'><strong>et</strong></span> <span class='ocrx_word' id='word_1_13' title='bbox 1242 616 1436 682; x_wconf 86' lang='lat' dir='ltr'><strong>moderato-</strong></span> 
     </span>
     <span class='ocr_line' id='line_1_3' title="bbox 310 728 1172 812; baseline -0.006 -13"><span class='ocrx_word' id='word_1_14' title='bbox 310 756 385 799; x_wconf 88' lang='lat' dir='ltr'><strong>rum</strong></span> <span class='ocrx_word' id='word_1_15' title='bbox 405 731 593 811; x_wconf 89' lang='lat' dir='ltr'><strong>seminarii,</strong></span> <span class='ocrx_word' id='word_1_16' title='bbox 617 754 658 796; x_wconf 84' lang='lat' dir='ltr'><strong>ex</strong></span> <span class='ocrx_word' id='word_1_17' title='bbox 678 731 756 796; x_wconf 89' lang='lat' dir='ltr'><strong>aliis</strong></span> <span class='ocrx_word' id='word_1_18' title='bbox 774 728 1080 812; x_wconf 82' lang='lat' dir='ltr'><strong>testimonialibus,</strong></span> <span class='ocrx_word' id='word_1_19' title='bbox 1107 739 1172 796; x_wconf 90' lang='lat' dir='ltr'><strong>etc.</strong></span> 
     </span>
    </p>

    <p class='ocr_par' dir='ltr' id='par_1_3' title="bbox 229 846 1441 3216">
     <span class='ocr_line' id='line_1_4' title="bbox 354 846 1435 936; baseline -0.005 -19"><span class='ocrx_word' id='word_1_20' title='bbox 354 852 386 917; x_wconf 88' lang='grc'><strong>3.</strong></span> <span class='ocrx_word' id='word_1_21' title='bbox 417 851 453 917; x_wconf 89' lang='lat' dir='ltr'><strong>Si</strong></span> <span class='ocrx_word' id='word_1_22' title='bbox 483 857 597 914; x_wconf 86' lang='lat' dir='ltr'><strong>autem</strong></span> <span class='ocrx_word' id='word_1_23' title='bbox 625 847 872 914; x_wconf 80' lang='lat' dir='ltr'><strong>testimoniales</strong></span> <span class='ocrx_word' id='word_1_24' title='bbox 900 849 1115 936; x_wconf 78' lang='lat' dir='ltr'><strong>requirantur</strong></span> <span class='ocrx_word' id='word_1_25' title='bbox 1142 848 1244 912; x_wconf 84' lang='lat' dir='ltr'><strong>etiam</strong></span> <span class='ocrx_word' id='word_1_26' title='bbox 1272 849 1307 912; x_wconf 82' lang='lat' dir='ltr'><strong>vi</strong></span> <span class='ocrx_word' id='word_1_27' title='bbox 1330 846 1435 912; x_wconf 81' lang='lat' dir='ltr'><strong>bullae</strong></span> 
     </span>
     <span class='ocr_line' id='line_1_5' title="bbox 306 960 1432 1050; baseline -0.003 -23"><span class='ocrx_word' id='word_1_28' title='bbox 306 964 557 1050; x_wconf 83' lang='lat' dir='ltr'><strong>Speculatores,</strong></span> <span class='ocrx_word' id='word_1_29' title='bbox 574 985 696 1050; x_wconf 87' lang='lat' dir='ltr'><strong>nempe</strong></span> <span class='ocrx_word' id='word_1_30' title='bbox 715 963 750 1025; x_wconf 95' lang='lat' dir='ltr'><strong>in</strong></span> <span class='ocrx_word' id='word_1_31' title='bbox 770 969 917 1049; x_wconf 90' lang='lat' dir='ltr'><strong>quatuor</strong></span> <span class='ocrx_word' id='word_1_32' title='bbox 930 960 1066 1027; x_wconf 84' lang='lat' dir='ltr'><strong>casibus</strong></span> <span class='ocrx_word' id='word_1_33' title='bbox 1080 984 1181 1049; x_wconf 88' lang='lat' dir='ltr'><strong>supra</strong></span> <span class='ocrx_word' id='word_1_34' title='bbox 1196 965 1249 1048; x_wconf 86' lang='lat' dir='ltr'><strong>(n.</strong></span> <span class='ocrx_word' id='word_1_35' title='bbox 1269 961 1364 1042; x_wconf 85' lang='lat'><strong>121,</strong></span> <span class='ocrx_word' id='word_1_36' title='bbox 1380 960 1432 1044; x_wconf 72' lang='lat'><strong>2⁰)</strong></span> 
     </span>
     <span class='ocr_line' id='line_1_6' title="bbox 307 1075 1433 1165; baseline -0.004 -22"><span class='ocrx_word' id='word_1_37' title='bbox 307 1079 440 1160; x_wconf 83' lang='lat' dir='ltr'><strong>relatis,</strong></span> <span class='ocrx_word' id='word_1_38' title='bbox 458 1083 592 1165; x_wconf 87' lang='lat' dir='ltr'><strong>oportet</strong></span> <span class='ocrx_word' id='word_1_39' title='bbox 610 1083 649 1141; x_wconf 92' lang='lat' dir='ltr'><strong>ut</strong></span> <span class='ocrx_word' id='word_1_40' title='bbox 668 1077 702 1140; x_wconf 94' lang='lat' dir='ltr'><strong>in</strong></span> <span class='ocrx_word' id='word_1_41' title='bbox 723 1075 773 1140; x_wconf 88' lang='lat' dir='ltr'><strong>eis</strong></span> <span class='ocrx_word' id='word_1_42' title='bbox 792 1082 937 1141; x_wconf 87' lang='lat' dir='ltr'><strong>testetur</strong></span> <span class='ocrx_word' id='word_1_43' title='bbox 956 1077 1135 1164; x_wconf 85' lang='lat' dir='ltr'><strong>episcopus</strong></span> <span class='ocrx_word' id='word_1_44' title='bbox 1154 1075 1256 1140; x_wconf 87' lang='lat' dir='ltr'><strong>etiam</strong></span> <span class='ocrx_word' id='word_1_45' title='bbox 1275 1076 1318 1139; x_wconf 90' lang='lat' dir='ltr'><strong>de</strong></span> <span class='ocrx_word' id='word_1_46' title='bbox 1338 1083 1433 1139; x_wconf 84' lang='lat' dir='ltr'><strong>nata-</strong></span> 
     </span>
     <span class='ocr_line' id='line_1_7' title="bbox 307 1189 1431 1279; baseline -0.004 -21"><span class='ocrx_word' id='word_1_47' title='bbox 307 1193 397 1258; x_wconf 82' lang='lat' dir='ltr'><strong>libus</strong></span> <span class='ocrx_word' id='word_1_48' title='bbox 402 1244 413 1276; x_wconf 91' lang='lat'><strong>,</strong></span> <span class='ocrx_word' id='word_1_49' title='bbox 430 1199 541 1274; x_wconf 72' lang='lat' dir='ltr'><strong>estate,</strong></span> <span class='ocrx_word' id='word_1_50' title='bbox 559 1191 712 1255; x_wconf 87' lang='lat' dir='ltr'><strong>moribus</strong></span> <span class='ocrx_word' id='word_1_51' title='bbox 725 1199 758 1253; x_wconf 89' lang='lat' dir='ltr'><strong>et</strong></span> <span class='ocrx_word' id='word_1_52' title='bbox 772 1189 840 1254; x_wconf 86' lang='lat' dir='ltr'><strong>vita</strong></span> <span class='ocrx_word' id='word_1_53' title='bbox 855 1191 1032 1254; x_wconf 86' lang='lat' dir='ltr'><strong>ordinandi</strong></span> <span class='ocrx_word' id='word_1_54' title='bbox 1051 1190 1301 1279; x_wconf 91' lang='lat' dir='ltr'><strong>(testimonium</strong></span> <span class='ocrx_word' id='word_1_55' title='bbox 1317 1196 1431 1254; x_wconf 86' lang='lat' dir='ltr'><strong>tamen</strong></span> 
     </span>
     <span class='ocr_line' id='line_1_8' title="bbox 304 1303 1428 1393; baseline -0.003 -22"><span class='ocrx_word' id='word_1_56' title='bbox 304 1309 347 1371; x_wconf 89' lang='lat' dir='ltr'><strong>de</strong></span> <span class='ocrx_word' id='word_1_57' title='bbox 375 1306 545 1371; x_wconf 86' lang='lat' dir='ltr'><strong>natalibus</strong></span> <span class='ocrx_word' id='word_1_58' title='bbox 569 1313 603 1370; x_wconf 88' lang='lat' dir='ltr'><strong>et</strong></span> <span class='ocrx_word' id='word_1_59' title='bbox 627 1313 722 1369; x_wconf 76' lang='lat' dir='ltr'><strong>atate</strong></span> <span class='ocrx_word' id='word_1_60' title='bbox 746 1305 912 1369; x_wconf 82' lang='lat' dir='ltr'><strong>reservari</strong></span> <span class='ocrx_word' id='word_1_61' title='bbox 938 1305 1027 1370; x_wconf 91' lang='lat' dir='ltr'><strong>solet</strong></span> <span class='ocrx_word' id='word_1_62' title='bbox 1053 1305 1212 1393; x_wconf 90' lang='lat' dir='ltr'><strong>episcopo</strong></span> <span class='ocrx_word' id='word_1_63' title='bbox 1238 1303 1396 1392; x_wconf 86' lang='lat' dir='ltr'><strong>originis)</strong></span> <span class='ocrx_word' id='word_1_64' title='bbox 1420 1322 1428 1368; x_wconf 89' lang='lat'>:</span> 
     </span>
     <span class='ocr_line' id='line_1_9' title="bbox 305 1417 1430 1506; baseline -0.004 -20"><span class='ocrx_word' id='word_1_65' title='bbox 305 1422 368 1486; x_wconf 92' lang='lat' dir='ltr'><strong>boc</strong></span> <span class='ocrx_word' id='word_1_66' title='bbox 396 1419 487 1484; x_wconf 88' lang='lat' dir='ltr'><strong>enirn</strong></span> <span class='ocrx_word' id='word_1_67' title='bbox 516 1440 676 1506; x_wconf 88' lang='lat' dir='ltr'><strong>expresse</strong></span> <span class='ocrx_word' id='word_1_68' title='bbox 707 1418 848 1506; x_wconf 83' lang='lat' dir='ltr'><strong>requirit</strong></span> <span class='ocrx_word' id='word_1_69' title='bbox 878 1417 1108 1484; x_wconf 88' lang='lat' dir='ltr'><strong>Innocentius.</strong></span> <span class='ocrx_word' id='word_1_70' title='bbox 1141 1419 1300 1506; x_wconf 90' lang='lat' dir='ltr'><strong>Insuper,</strong></span> <span class='ocrx_word' id='word_1_71' title='bbox 1328 1417 1430 1502; x_wconf 84' lang='lat' dir='ltr'><strong>juxta</strong></span> 
     </span>
     <span class='ocr_line' id='line_1_10' title="bbox 229 1531 1429 1623; baseline -0.003 -24"><span class='ocrx_word' id='word_1_72' title='bbox 229 1615 231 1620; x_wconf 23' lang='grc' dir='ltr'>Ι</span> <span class='ocrx_word' id='word_1_73' title='bbox 304 1533 565 1623; x_wconf 88' lang='lat' dir='ltr'><strong>probabiliorem</strong></span> <span class='ocrx_word' id='word_1_74' title='bbox 585 1533 798 1620; x_wconf 90' lang='lat' dir='ltr'><strong>opinionem,</strong></span> <span class='ocrx_word' id='word_1_75' title='bbox 815 1533 1011 1622; x_wconf 87' lang='lat' dir='ltr'><strong>episcopus,</strong></span> <span class='ocrx_word' id='word_1_76' title='bbox 1028 1534 1063 1598; x_wconf 90' lang='lat' dir='ltr'><strong>in</strong></span> <span class='ocrx_word' id='word_1_77' title='bbox 1083 1534 1136 1598; x_wconf 93' lang='lat' dir='ltr'><strong>his</strong></span> <span class='ocrx_word' id='word_1_78' title='bbox 1154 1531 1293 1614; x_wconf 90' lang='lat' dir='ltr'><strong>litteris,</strong></span> <span class='ocrx_word' id='word_1_79' title='bbox 1310 1532 1429 1597; x_wconf 88' lang='lat' dir='ltr'><strong>testari</strong></span> 
     </span>
     <span class='ocr_line' id='line_1_11' title="bbox 303 1645 1426 1728; baseline -0.002 -16"><span class='ocrx_word' id='word_1_80' title='bbox 303 1648 404 1713; x_wconf 88' lang='lat' dir='ltr'><strong>debet</strong></span> <span class='ocrx_word' id='word_1_81' title='bbox 419 1647 460 1712; x_wconf 94' lang='lat' dir='ltr'><strong>de</strong></span> <span class='ocrx_word' id='word_1_82' title='bbox 476 1645 654 1712; x_wconf 89' lang='lat' dir='ltr'><strong>ordinandi</strong></span> <span class='ocrx_word' id='word_1_83' title='bbox 670 1645 837 1728; x_wconf 91' lang='lat' dir='ltr'><strong>moribus,</strong></span> <span class='ocrx_word' id='word_1_84' title='bbox 856 1671 922 1712; x_wconf 86' lang='lat' dir='ltr'><strong>non</strong></span> <span class='ocrx_word' id='word_1_85' title='bbox 943 1657 1076 1712; x_wconf 85' lang='lat' dir='ltr'><strong>tantum</strong></span> <span class='ocrx_word' id='word_1_86' title='bbox 1095 1649 1192 1712; x_wconf 88' lang='lat' dir='ltr'><strong>bonis</strong></span> <span class='ocrx_word' id='word_1_87' title='bbox 1211 1657 1242 1712; x_wconf 86' lang='lat' dir='ltr'><strong>et</strong></span> <span class='ocrx_word' id='word_1_88' title='bbox 1262 1647 1426 1728; x_wconf 77' lang='lat' dir='ltr'><strong>honestis,</strong></span> 
     </span>
     <span class='ocr_line' id='line_1_12' title="bbox 303 1759 1428 1848; baseline -0.003 -22"><span class='ocrx_word' id='word_1_89' title='bbox 303 1763 483 1828; x_wconf 83' lang='lat' dir='ltr'><strong>sedetiam</strong></span> <span class='ocrx_word' id='word_1_90' title='bbox 503 1761 616 1846; x_wconf 73' lang='lat' dir='ltr'><strong>diqnis</strong></span> <span class='ocrx_word' id='word_1_91' title='bbox 637 1761 773 1825; x_wconf 83' lang='lat' dir='ltr'><strong>relative</strong></span> <span class='ocrx_word' id='word_1_92' title='bbox 793 1762 837 1824; x_wconf 88' lang='lat' dir='ltr'><strong>ad</strong></span> <span class='ocrx_word' id='word_1_93' title='bbox 855 1761 1025 1845; x_wconf 83' lang='lat' dir='ltr'><strong>ordinem,</strong></span> <span class='ocrx_word' id='word_1_94' title='bbox 1047 1763 1087 1825; x_wconf 88' lang='lat' dir='ltr'><strong>de</strong></span> <span class='ocrx_word' id='word_1_95' title='bbox 1106 1785 1175 1848; x_wconf 87' lang='lat' dir='ltr'><strong>quo</strong></span> <span class='ocrx_word' id='word_1_96' title='bbox 1195 1762 1323 1846; x_wconf 73' lang='lat' dir='ltr'><strong>spitur,</strong></span> <span class='ocrx_word' id='word_1_97' title='bbox 1346 1759 1428 1824; x_wconf 88' lang='lat' dir='ltr'><strong>reci-</strong></span> 
     </span>
     <span class='ocr_line' id='line_1_13' title="bbox 297 1873 1441 1963; baseline -0.003 -22"><span class='ocrx_word' id='word_1_98' title='bbox 297 1877 475 1963; x_wconf 88' lang='lat' dir='ltr'><strong>piendum.</strong></span> <span class='ocrx_word' id='word_1_99' title='bbox 503 1875 598 1940; x_wconf 86' lang='lat' dir='ltr'><strong>Licet</strong></span> <span class='ocrx_word' id='word_1_100' title='bbox 617 1874 707 1938; x_wconf 90' lang='lat' dir='ltr'><strong>enim</strong></span> <span class='ocrx_word' id='word_1_101' title='bbox 732 1874 950 1940; x_wconf 89' lang='lat' dir='ltr'><strong>Innocentius</strong></span> <span class='ocrx_word' id='word_1_102' title='bbox 974 1875 1008 1938; x_wconf 93' lang='lat' dir='ltr'><strong>id</strong></span> <span class='ocrx_word' id='word_1_103' title='bbox 1031 1898 1193 1963; x_wconf 85' lang='lat' dir='ltr'><strong>expresse</strong></span> <span class='ocrx_word' id='word_1_104' title='bbox 1216 1897 1283 1939; x_wconf 91' lang='lat' dir='ltr'><strong>non</strong></span> <span class='ocrx_word' id='word_1_105' title='bbox 1308 1873 1441 1962; x_wconf 56' lang='lat' dir='ltr'><strong>prasci?</strong></span> 
     </span>
     <span class='ocr_line' id='line_1_14' title="bbox 301 1989 1426 2078; baseline -0.002 -24"><span class='ocrx_word' id='word_1_106' title='bbox 301 1991 388 2077; x_wconf 90' lang='lat' dir='ltr'><strong>piat,</strong></span> <span class='ocrx_word' id='word_1_107' title='bbox 415 1989 593 2054; x_wconf 89' lang='lat' dir='ltr'><strong>deducitur</strong></span> <span class='ocrx_word' id='word_1_108' title='bbox 616 1995 730 2053; x_wconf 90' lang='lat' dir='ltr'><strong>tamen</strong></span> <span class='ocrx_word' id='word_1_109' title='bbox 755 2011 797 2054; x_wconf 84' lang='lat' dir='ltr'><strong>ex</strong></span> <span class='ocrx_word' id='word_1_110' title='bbox 817 1990 884 2054; x_wconf 87' lang='lat' dir='ltr'><strong>fine</strong></span> <span class='ocrx_word' id='word_1_111' title='bbox 904 2013 1005 2078; x_wconf 89' lang='lat' dir='ltr'><strong>quem</strong></span> <span class='ocrx_word' id='word_1_112' title='bbox 1025 1989 1089 2054; x_wconf 91' lang='lat' dir='ltr'><strong>sibi</strong></span> <span class='ocrx_word' id='word_1_113' title='bbox 1109 1990 1285 2077; x_wconf 86' lang='lat' dir='ltr'><strong>proposuit</strong></span> <span class='ocrx_word' id='word_1_114' title='bbox 1304 1989 1338 2052; x_wconf 95' lang='lat' dir='ltr'><strong>in</strong></span> <span class='ocrx_word' id='word_1_115' title='bbox 1363 1989 1426 2052; x_wconf 91' lang='lat' dir='ltr'><strong>hac</strong></span> 
     </span>
     <span class='ocr_line' id='line_1_15' title="bbox 301 2103 1426 2190; baseline 0.001 -24"><span class='ocrx_word' id='word_1_116' title='bbox 301 2104 375 2190; x_wconf 80' lang='lat' dir='ltr'><strong>lege</strong></span> <span class='ocrx_word' id='word_1_117' title='bbox 399 2103 607 2168; x_wconf 86' lang='lat' dir='ltr'><strong>condendn¹.</strong></span> <span class='ocrx_word' id='word_1_118' title='bbox 630 2141 674 2150; x_wconf 97' lang='lat'>—</span> <span class='ocrx_word' id='word_1_119' title='bbox 693 2103 875 2183; x_wconf 87' lang='lat' dir='ltr'><strong>Attamen,</strong></span> <span class='ocrx_word' id='word_1_120' title='bbox 898 2105 996 2168; x_wconf 90' lang='lat' dir='ltr'><strong>modo</strong></span> <span class='ocrx_word' id='word_1_121' title='bbox 1020 2113 1110 2168; x_wconf 83' lang='lat' dir='ltr'><strong>certo</strong></span> <span class='ocrx_word' id='word_1_122' title='bbox 1134 2112 1261 2168; x_wconf 84' lang='lat' dir='ltr'><strong>constet</strong></span> <span class='ocrx_word' id='word_1_123' title='bbox 1283 2125 1325 2166; x_wconf 79' lang='lat' dir='ltr'><strong>en</strong></span> <span class='ocrx_word' id='word_1_124' title='bbox 1348 2103 1426 2167; x_wconf 79' lang='lat' dir='ltr'><strong>aliis</strong></span> 
     </span>
     <span class='ocr_line' id='line_1_16' title="bbox 299 2217 1425 2304; baseline 0 -24"><span class='ocrx_word' id='word_1_125' title='bbox 299 2218 508 2282; x_wconf 77' lang='lat' dir='ltr'><strong>documentis</strong></span> <span class='ocrx_word' id='word_1_126' title='bbox 539 2220 590 2302; x_wconf 88' lang='lat' dir='ltr'><strong>(v.</strong></span> <span class='ocrx_word' id='word_1_127' title='bbox 622 2241 671 2303; x_wconf 80' lang='lat' dir='ltr'><strong>g.,</strong></span> <span class='ocrx_word' id='word_1_128' title='bbox 703 2239 745 2280; x_wconf 88' lang='lat' dir='ltr'><strong>ex</strong></span> <span class='ocrx_word' id='word_1_129' title='bbox 775 2217 980 2282; x_wconf 87' lang='lat' dir='ltr'><strong>testimoniis</strong></span> <span class='ocrx_word' id='word_1_130' title='bbox 1008 2218 1248 2304; x_wconf 88' lang='lat' dir='ltr'><strong>magistrorum</strong></span> <span class='ocrx_word' id='word_1_131' title='bbox 1279 2217 1425 2282; x_wconf 89' lang='lat' dir='ltr'><strong>semina-</strong></span> 
     </span>
     <span class='ocr_line' id='line_1_17' title="bbox 298 2328 1424 2417; baseline 0 -23"><span class='ocrx_word' id='word_1_132' title='bbox 298 2331 357 2411; x_wconf 92' lang='lat' dir='ltr'><strong>rii,</strong></span> <span class='ocrx_word' id='word_1_133' title='bbox 380 2328 464 2417; x_wconf 87' lang='lat' dir='ltr'><strong>etc.)</strong></span> <span class='ocrx_word' id='word_1_134' title='bbox 483 2330 714 2395; x_wconf 87' lang='lat' dir='ltr'><strong>ordinandum</strong></span> <span class='ocrx_word' id='word_1_135' title='bbox 729 2330 916 2415; x_wconf 70' lang='lat' dir='ltr'><strong>praeditum</strong></span> <span class='ocrx_word' id='word_1_136' title='bbox 934 2353 1001 2395; x_wconf 86' lang='lat' dir='ltr'><strong>esse</strong></span> <span class='ocrx_word' id='word_1_137' title='bbox 1025 2331 1138 2416; x_wconf 70' lang='lat' dir='ltr'><strong>dipsis</strong></span> <span class='ocrx_word' id='word_1_138' title='bbox 1163 2330 1315 2395; x_wconf 86' lang='lat' dir='ltr'><strong>moribus</strong></span> <span class='ocrx_word' id='word_1_139' title='bbox 1336 2331 1424 2394; x_wconf 84' lang='lat' dir='ltr'><strong>rela-</strong></span> 
     </span>
     <span class='ocr_line' id='line_1_18' title="bbox 299 2443 1423 2532; baseline 0.002 -24"><span class='ocrx_word' id='word_1_140' title='bbox 299 2445 362 2509; x_wconf 86' lang='lat' dir='ltr'><strong>tive</strong></span> <span class='ocrx_word' id='word_1_141' title='bbox 391 2445 434 2508; x_wconf 88' lang='lat' dir='ltr'><strong>ad</strong></span> <span class='ocrx_word' id='word_1_142' title='bbox 463 2444 617 2508; x_wconf 85' lang='lat' dir='ltr'><strong>ordinem</strong></span> <span class='ocrx_word' id='word_1_143' title='bbox 647 2444 892 2528; x_wconf 86' lang='lat' dir='ltr'><strong>recipiendum,</strong></span> <span class='ocrx_word' id='word_1_144' title='bbox 921 2445 1112 2532; x_wconf 87' lang='lat' dir='ltr'><strong>putaverim</strong></span> <span class='ocrx_word' id='word_1_145' title='bbox 1143 2443 1300 2532; x_wconf 73' lang='lat' dir='ltr'><strong>praefatas</strong></span> <span class='ocrx_word' id='word_1_146' title='bbox 1326 2445 1423 2510; x_wconf 86' lang='lat' dir='ltr'><strong>testi·</strong></span> 
     </span>
     <span class='ocr_line' id='line_1_19' title="bbox 296 2557 1423 2640; baseline 0 -18"><span class='ocrx_word' id='word_1_147' title='bbox 296 2557 477 2640; x_wconf 90' lang='lat' dir='ltr'><strong>moniales,</strong></span> <span class='ocrx_word' id='word_1_148' title='bbox 495 2565 663 2622; x_wconf 87' lang='lat' dir='ltr'><strong>testantes</strong></span> <span class='ocrx_word' id='word_1_149' title='bbox 678 2557 915 2623; x_wconf 88' lang='lat' dir='ltr'><strong>tantummodo</strong></span> <span class='ocrx_word' id='word_1_150' title='bbox 931 2558 973 2623; x_wconf 91' lang='lat' dir='ltr'><strong>de</strong></span> <span class='ocrx_word' id='word_1_151' title='bbox 988 2558 1140 2624; x_wconf 92' lang='lat' dir='ltr'><strong>moribus</strong></span> <span class='ocrx_word' id='word_1_152' title='bbox 1154 2558 1253 2623; x_wconf 91' lang='lat' dir='ltr'><strong>bonis</strong></span> <span class='ocrx_word' id='word_1_153' title='bbox 1266 2566 1301 2623; x_wconf 93' lang='lat' dir='ltr'><strong>et</strong></span> <span class='ocrx_word' id='word_1_154' title='bbox 1319 2559 1423 2622; x_wconf 91' lang='lat' dir='ltr'><strong>hone-</strong></span> 
     </span>
     <span class='ocr_line' id='line_1_20' title="bbox 294 2671 1422 2757; baseline 0 -22"><span class='ocrx_word' id='word_1_155' title='bbox 294 2673 375 2750; x_wconf 88' lang='lat' dir='ltr'><strong>stis,</strong></span> <span class='ocrx_word' id='word_1_156' title='bbox 398 2694 467 2736; x_wconf 94' lang='lat' dir='ltr'><strong>non</strong></span> <span class='ocrx_word' id='word_1_157' title='bbox 487 2693 562 2735; x_wconf 84' lang='lat' dir='ltr'><strong>esse</strong></span> <span class='ocrx_word' id='word_1_158' title='bbox 582 2671 712 2752; x_wconf 89' lang='lat' dir='ltr'><strong>nullas,</strong></span> <span class='ocrx_word' id='word_1_159' title='bbox 734 2671 794 2735; x_wconf 88' lang='lat' dir='ltr'><strong>sed</strong></span> <span class='ocrx_word' id='word_1_160' title='bbox 819 2672 1027 2736; x_wconf 89' lang='lat' dir='ltr'><strong>sullicientes</strong></span> <span class='ocrx_word' id='word_1_161' title='bbox 1050 2694 1124 2737; x_wconf 88' lang='lat' dir='ltr'><strong>esse</strong></span> <span class='ocrx_word' id='word_1_162' title='bbox 1149 2674 1192 2737; x_wconf 90' lang='lat' dir='ltr'><strong>ad</strong></span> <span class='ocrx_word' id='word_1_163' title='bbox 1214 2673 1422 2757; x_wconf 76' lang='lat' dir='ltr'><strong>satisfacien-</strong></span> 
     </span>
     <span class='ocr_line' id='line_1_21' title="bbox 292 2763 1421 2874; baseline 0 -24"><span class='ocrx_word' id='word_1_164' title='bbox 292 2763 378 2850; x_wconf 86' lang='lat' dir='ltr'><strong>dum</strong></span> <span class='ocrx_word' id='word_1_165' title='bbox 400 2786 481 2870; x_wconf 74' lang='lat' dir='ltr'><strong>lcyi,</strong></span> <span class='ocrx_word' id='word_1_166' title='bbox 503 2793 576 2849; x_wconf 89' lang='lat' dir='ltr'><strong>tum</strong></span> <span class='ocrx_word' id='word_1_167' title='bbox 595 2786 675 2874; x_wconf 88' lang='lat' dir='ltr'><strong>quia</strong></span> <span class='ocrx_word' id='word_1_168' title='bbox 694 2785 831 2850; x_wconf 85' lang='lat' dir='ltr'><strong>tandem</strong></span> <span class='ocrx_word' id='word_1_169' title='bbox 851 2785 1032 2873; x_wconf 84' lang='lat' dir='ltr'><strong>aliquando</strong></span> <span class='ocrx_word' id='word_1_170' title='bbox 1052 2787 1135 2852; x_wconf 93' lang='lat' dir='ltr'><strong>nihil</strong></span> <span class='ocrx_word' id='word_1_171' title='bbox 1155 2786 1245 2852; x_wconf 89' lang='lat' dir='ltr'><strong>ultra</strong></span> <span class='ocrx_word' id='word_1_172' title='bbox 1264 2808 1421 2872; x_wconf 89' lang='lat' dir='ltr'><strong>expresse</strong></span> 
     </span>
     <span class='ocr_line' id='line_1_22' title="bbox 293 2898 1420 2988; baseline 0.002 -26"><span class='ocrx_word' id='word_1_173' title='bbox 293 2900 435 2988; x_wconf 90' lang='lat' dir='ltr'><strong>requirit</strong></span> <span class='ocrx_word' id='word_1_174' title='bbox 455 2899 675 2964; x_wconf 90' lang='lat' dir='ltr'><strong>Innocentius</strong></span> <span class='ocrx_word' id='word_1_175' title='bbox 684 2900 706 2978; x_wconf 82' lang='lat'><strong>¹,</strong></span> <span class='ocrx_word' id='word_1_176' title='bbox 724 2906 798 2963; x_wconf 92' lang='lat' dir='ltr'><strong>tum</strong></span> <span class='ocrx_word' id='word_1_177' title='bbox 814 2898 893 2986; x_wconf 88' lang='lat' dir='ltr'><strong>quia</strong></span> <span class='ocrx_word' id='word_1_178' title='bbox 912 2901 990 2964; x_wconf 81' lang='lat' dir='ltr'><strong>sinis</strong></span> <span class='ocrx_word' id='word_1_179' title='bbox 1008 2922 1070 2965; x_wconf 88' lang='lat' dir='ltr'><strong>seu</strong></span> <span class='ocrx_word' id='word_1_180' title='bbox 1088 2901 1173 2965; x_wconf 90' lang='lat' dir='ltr'><strong>ratio</strong></span> <span class='ocrx_word' id='word_1_181' title='bbox 1193 2899 1279 2986; x_wconf 86' lang='lat' dir='ltr'><strong>legis</strong></span> <span class='ocrx_word' id='word_1_182' title='bbox 1299 2898 1420 2987; x_wconf 88' lang='lat' dir='ltr'><strong>(quam</strong></span> 
     </span>
     <span class='ocr_line' id='line_1_23' title="bbox 291 3011 1420 3103; baseline 0.002 -27"><span class='ocrx_word' id='word_1_183' title='bbox 291 3013 444 3099; x_wconf 80' lang='lat' dir='ltr'><strong>allegant</strong></span> <span class='ocrx_word' id='word_1_184' title='bbox 462 3011 597 3099; x_wconf 87' lang='lat' dir='ltr'><strong>patroni</strong></span> <span class='ocrx_word' id='word_1_185' title='bbox 616 3011 756 3077; x_wconf 86' lang='lat' dir='ltr'><strong>alterius</strong></span> <span class='ocrx_word' id='word_1_186' title='bbox 776 3013 972 3103; x_wconf 67' lang='lat' dir='ltr'><strong>sententiae)</strong></span> <span class='ocrx_word' id='word_1_187' title='bbox 993 3035 1061 3078; x_wconf 93' lang='lat' dir='ltr'><strong>non</strong></span> <span class='ocrx_word' id='word_1_188' title='bbox 1081 3021 1134 3079; x_wconf 89' lang='lat' dir='ltr'><strong>est</strong></span> <span class='ocrx_word' id='word_1_189' title='bbox 1153 3013 1225 3095; x_wconf 84' lang='lat' dir='ltr'><strong>lex,</strong></span> <span class='ocrx_word' id='word_1_190' title='bbox 1247 3021 1322 3078; x_wconf 90' lang='lat' dir='ltr'><strong>tum</strong></span> <span class='ocrx_word' id='word_1_191' title='bbox 1341 3014 1420 3101; x_wconf 89' lang='lat' dir='ltr'><strong>quia</strong></span> 
     </span>
     <span class='ocr_line' id='line_1_24' title="bbox 292 3126 1419 3216; baseline 0.002 -25"><span class='ocrx_word' id='word_1_192' title='bbox 292 3127 491 3192; x_wconf 89' lang='lat' dir='ltr'><strong>constitutio</strong></span> <span class='ocrx_word' id='word_1_193' title='bbox 518 3126 762 3216; x_wconf 78' lang='lat' dir='ltr'><strong>innocentiana</strong></span> <span class='ocrx_word' id='word_1_194' title='bbox 787 3134 839 3192; x_wconf 90' lang='lat' dir='ltr'><strong>est</strong></span> <span class='ocrx_word' id='word_1_195' title='bbox 862 3127 966 3192; x_wconf 89' lang='lat' dir='ltr'><strong>etiam</strong></span> <span class='ocrx_word' id='word_1_196' title='bbox 993 3127 1049 3192; x_wconf 88' lang='lat' dir='ltr'><strong>lex</strong></span> <span class='ocrx_word' id='word_1_197' title='bbox 1073 3128 1234 3216; x_wconf 78' lang='lat' dir='ltr'><strong>poenalis,</strong></span> <span class='ocrx_word' id='word_1_198' title='bbox 1261 3135 1300 3192; x_wconf 91' lang='lat' dir='ltr'><strong>ut</strong></span> <span class='ocrx_word' id='word_1_199' title='bbox 1324 3135 1419 3216; x_wconf 87' lang='lat' dir='ltr'><strong>patet</strong></span> 
     </span>
    </p>
   </div>
   <div class='ocr_carea' id='block_1_3' title="bbox 287 3239 1419 3556">
    <p class='ocr_par' dir='ltr' id='par_1_4' title="bbox 287 3239 1419 3556">
     <span class='ocr_line' id='line_1_25' title="bbox 289 3239 1419 3330; baseline 0.003 -27"><span class='ocrx_word' id='word_1_200' title='bbox 289 3263 333 3304; x_wconf 84' lang='lat' dir='ltr'><strong>ex</strong></span> <span class='ocrx_word' id='word_1_201' title='bbox 352 3240 564 3327; x_wconf 84' lang='lat' dir='ltr'><strong>paragrapho</strong></span> <span class='ocrx_word' id='word_1_202' title='bbox 580 3239 632 3318; x_wconf 80' lang='lat'><strong>8³,</strong></span> <span class='ocrx_word' id='word_1_203' title='bbox 650 3246 684 3305; x_wconf 91' lang='lat' dir='ltr'><strong>et</strong></span> <span class='ocrx_word' id='word_1_204' title='bbox 699 3241 838 3328; x_wconf 89' lang='lat' dir='ltr'><strong>proinde</strong></span> <span class='ocrx_word' id='word_1_205' title='bbox 854 3241 1007 3306; x_wconf 90' lang='lat' dir='ltr'><strong>strictam</strong></span> <span class='ocrx_word' id='word_1_206' title='bbox 1026 3243 1174 3330; x_wconf 89' lang='lat' dir='ltr'><strong>recipere</strong></span> <span class='ocrx_word' id='word_1_207' title='bbox 1193 3241 1295 3307; x_wconf 89' lang='lat' dir='ltr'><strong>debet</strong></span> <span class='ocrx_word' id='word_1_208' title='bbox 1313 3241 1419 3306; x_wconf 87' lang='lat' dir='ltr'><strong>inter-</strong></span> 
     </span>
     <span class='ocr_line' id='line_1_26' title="bbox 290 3353 1418 3444; baseline 0.003 -27"><span class='ocrx_word' id='word_1_209' title='bbox 290 3354 529 3442; x_wconf 87' lang='lat' dir='ltr'><strong>pretationem.</strong></span> <span class='ocrx_word' id='word_1_210' title='bbox 552 3353 650 3419; x_wconf 88' lang='lat' dir='ltr'><strong>Unde</strong></span> <span class='ocrx_word' id='word_1_211' title='bbox 670 3353 769 3419; x_wconf 76' lang='lat' dir='ltr'><strong>dictae</strong></span> <span class='ocrx_word' id='word_1_212' title='bbox 789 3354 1034 3420; x_wconf 88' lang='lat' dir='ltr'><strong>testimoniales</strong></span> <span class='ocrx_word' id='word_1_213' title='bbox 1054 3378 1122 3420; x_wconf 93' lang='lat' dir='ltr'><strong>non</strong></span> <span class='ocrx_word' id='word_1_214' title='bbox 1146 3355 1321 3422; x_wconf 84' lang='lat' dir='ltr'><strong>sufficiunt</strong></span> <span class='ocrx_word' id='word_1_215' title='bbox 1344 3358 1418 3444; x_wconf 94' lang='lat' dir='ltr'><strong>qui·</strong></span> 
     </span>
     <span class='ocr_line' id='line_1_27' title="bbox 287 3467 1383 3556; baseline 0.005 -26"><span class='ocrx_word' id='word_1_216' title='bbox 287 3467 367 3531; x_wconf 91' lang='lat' dir='ltr'><strong>dem</strong></span> <span class='ocrx_word' id='word_1_217' title='bbox 387 3467 430 3532; x_wconf 88' lang='lat' dir='ltr'><strong>ad</strong></span> <span class='ocrx_word' id='word_1_218' title='bbox 449 3467 715 3549; x_wconf 89' lang='lat' dir='ltr'><strong>ordinationem,</strong></span> <span class='ocrx_word' id='word_1_219' title='bbox 738 3468 824 3534; x_wconf 89' lang='lat' dir='ltr'><strong>bene</strong></span> <span class='ocrx_word' id='word_1_220' title='bbox 844 3491 923 3534; x_wconf 92' lang='lat' dir='ltr'><strong>vero</strong></span> <span class='ocrx_word' id='word_1_221' title='bbox 944 3469 986 3534; x_wconf 92' lang='lat' dir='ltr'><strong>ad</strong></span> <span class='ocrx_word' id='word_1_222' title='bbox 1006 3469 1284 3536; x_wconf 82' lang='lat' dir='ltr'><strong>satisfaciendum</strong></span> <span class='ocrx_word' id='word_1_223' title='bbox 1302 3471 1383 3556; x_wconf 86' lang='lat' dir='ltr'><strong>legi.</strong></span> 
     </span>
    </p>
   </div>
   <div class='ocr_carea' id='block_1_4' title="bbox 286 3582 1415 3902">
    <p class='ocr_par' dir='ltr' id='par_1_5' title="bbox 286 3582 1415 3902">
     <span class='ocr_line' id='line_1_28' title="bbox 333 3582 1415 3672; baseline 0.005 -27"><span class='ocrx_word' id='word_1_224' title='bbox 333 3582 365 3646; x_wconf 78' lang='lat' dir='ltr'><strong>I.</strong></span> <span class='ocrx_word' id='word_1_225' title='bbox 393 3582 540 3645; x_wconf 85' lang='lat' dir='ltr'><strong>Litteras</strong></span> <span class='ocrx_word' id='word_1_226' title='bbox 566 3583 805 3647; x_wconf 74' lang='lat' dir='ltr'><strong>testimoniales</strong></span> <span class='ocrx_word' id='word_1_227' title='bbox 824 3583 897 3648; x_wconf 88' lang='lat' dir='ltr'><strong>dari</strong></span> <span class='ocrx_word' id='word_1_228' title='bbox 920 3607 1022 3672; x_wconf 89' lang='lat' dir='ltr'><strong>posse</strong></span> <span class='ocrx_word' id='word_1_229' title='bbox 1046 3585 1118 3650; x_wconf 81' lang='lat' dir='ltr'><strong>viva</strong></span> <span class='ocrx_word' id='word_1_230' title='bbox 1138 3607 1213 3650; x_wconf 84' lang='lat' dir='ltr'><strong>voce</strong></span> <span class='ocrx_word' id='word_1_231' title='bbox 1237 3585 1415 3650; x_wconf 92' lang='lat' dir='ltr'><strong>indubium</strong></span> 
     </span>
     <span class='ocr_line' id='line_1_29' title="bbox 286 3695 1415 3788; baseline 0.004 -29"><span class='ocrx_word' id='word_1_232' title='bbox 286 3702 357 3775; x_wconf 88' lang='lat' dir='ltr'><strong>est;</strong></span> <span class='ocrx_word' id='word_1_233' title='bbox 385 3695 476 3783; x_wconf 94' lang='lat' dir='ltr'><strong>quod</strong></span> <span class='ocrx_word' id='word_1_234' title='bbox 500 3695 715 3760; x_wconf 89' lang='lat' dir='ltr'><strong>concluditur</strong></span> <span class='ocrx_word' id='word_1_235' title='bbox 738 3719 756 3760; x_wconf 88' lang='lat' dir='ltr'><strong>a</strong></span> <span class='ocrx_word' id='word_1_236' title='bbox 781 3696 913 3762; x_wconf 83' lang='lat' dir='ltr'><strong>fortiori</strong></span> <span class='ocrx_word' id='word_1_237' title='bbox 937 3721 980 3762; x_wconf 84' lang='lat' dir='ltr'><strong>ex</strong></span> <span class='ocrx_word' id='word_1_238' title='bbox 1003 3721 1043 3763; x_wconf 90' lang='lat' dir='ltr'><strong>eo</strong></span> <span class='ocrx_word' id='word_1_239' title='bbox 1068 3699 1158 3787; x_wconf 88' lang='lat' dir='ltr'><strong>quod</strong></span> <span class='ocrx_word' id='word_1_240' title='bbox 1185 3699 1267 3788; x_wconf 79' lang='lat' dir='ltr'><strong>ipsa·</strong></span> <span class='ocrx_word' id='word_1_241' title='bbox 1292 3700 1415 3766; x_wconf 72' lang='lat' dir='ltr'><strong>littere</strong></span> 
     </span>
     <span class='ocr_line' id='line_1_30' title="bbox 287 3807 1414 3902; baseline 0.005 -31"><span class='ocrx_word' id='word_1_242' title='bbox 287 3807 530 3872; x_wconf 87' lang='lat' dir='ltr'><strong>dimissoriales</strong></span> <span class='ocrx_word' id='word_1_243' title='bbox 548 3831 588 3871; x_wconf 91' lang='lat' dir='ltr'><strong>eo</strong></span> <span class='ocrx_word' id='word_1_244' title='bbox 608 3810 709 3873; x_wconf 94' lang='lat' dir='ltr'><strong>modo</strong></span> <span class='ocrx_word' id='word_1_245' title='bbox 730 3809 868 3874; x_wconf 88' lang='lat' dir='ltr'><strong>concedi</strong></span> <span class='ocrx_word' id='word_1_246' title='bbox 887 3811 1037 3898; x_wconf 72' lang='lat' dir='ltr'><strong>possint,</strong></span> <span class='ocrx_word' id='word_1_247' title='bbox 1060 3811 1160 3876; x_wconf 83' lang='lat' dir='ltr'><strong>valde</strong></span> <span class='ocrx_word' id='word_1_248' title='bbox 1179 3818 1295 3878; x_wconf 87' lang='lat' dir='ltr'><strong>tamen</strong></span> <span class='ocrx_word' id='word_1_249' title='bbox 1314 3835 1414 3902; x_wconf 89' lang='lat' dir='ltr'><strong>expe·</strong></span> 
     </span>
    </p>
   </div>
   <div class='ocr_carea' id='block_1_5' title="bbox 284 3977 1411 4352">
    <p class='ocr_par' dir='ltr' id='par_1_6' title="bbox 285 3977 1410 4121">
     <span class='ocr_line' id='line_1_31' title="bbox 317 3977 1410 4044; baseline 0.007 -18"><span class='ocrx_word' id='word_1_250' title='bbox 317 3981 325 4014; x_wconf 87' lang='lat'><strong>¹</strong></span> <span class='ocrx_word' id='word_1_251' title='bbox 342 3977 411 4028; x_wconf 88' lang='lat' dir='ltr'><strong>Vide</strong></span> <span class='ocrx_word' id='word_1_252' title='bbox 430 3977 531 4040; x_wconf 72' lang='lat' dir='ltr'><strong>folium</strong></span> <span class='ocrx_word' id='word_1_253' title='bbox 549 3992 638 4026; x_wconf 70' lang='lat' dir='ltr'><strong>causac</strong></span> <span class='ocrx_word' id='word_1_254' title='bbox 656 3979 788 4029; x_wconf 81' lang='lat' dir='ltr'><strong>Pientinae</strong></span> <span class='ocrx_word' id='word_1_255' title='bbox 803 3995 849 4030; x_wconf 84' lang='lat' dir='ltr'><strong>seu</strong></span> <span class='ocrx_word' id='word_1_256' title='bbox 866 3981 1023 4040; x_wconf 84' lang='lat' dir='ltr'><strong>Itcinensis,</strong></span> <span class='ocrx_word' id='word_1_257' title='bbox 1041 3987 1055 4029; x_wconf 80' lang='lat'>8</span> <span class='ocrx_word' id='word_1_258' title='bbox 1070 3997 1129 4044; x_wconf 74' lang='lat' dir='ltr'><strong>aug.</strong></span> <span class='ocrx_word' id='word_1_259' title='bbox 1149 3987 1223 4044; x_wconf 81' lang='grc'>1733,</span> <span class='ocrx_word' id='word_1_260' title='bbox 1243 3983 1410 4043; x_wconf 72' lang='lat' dir='ltr'><strong>Thesaurus,</strong></span> 
     </span>
     <span class='ocr_line' id='line_1_32' title="bbox 285 4060 544 4121; baseline -0.012 -14"><span class='ocrx_word' id='word_1_261' title='bbox 285 4063 305 4108; x_wconf 93' lang='lat' dir='ltr'><strong>t.</strong></span> <span class='ocrx_word' id='word_1_262' title='bbox 322 4073 362 4115; x_wconf 81' lang='lat' dir='ltr'><strong>vr,</strong></span> <span class='ocrx_word' id='word_1_263' title='bbox 378 4074 405 4121; x_wconf 90' lang='lat' dir='ltr'><strong>p.</strong></span> <span class='ocrx_word' id='word_1_264' title='bbox 420 4060 544 4106; x_wconf 76' lang='lat' dir='ltr'><strong>Its-Its.</strong></span> 
     </span>
    </p>

    <p class='ocr_par' dir='ltr' id='par_1_7' title="bbox 284 4133 1411 4276">
     <span class='ocr_line' id='line_1_33' title="bbox 316 4133 1411 4202; baseline 0.008 -20"><span class='ocrx_word' id='word_1_265' title='bbox 316 4136 327 4170; x_wconf 84' lang='lat'><strong>²</strong></span> <span class='ocrx_word' id='word_1_266' title='bbox 345 4135 390 4184; x_wconf 89' lang='lat' dir='ltr'><strong>Uti</strong></span> <span class='ocrx_word' id='word_1_267' title='bbox 412 4135 535 4196; x_wconf 81' lang='lat' dir='ltr'><strong>agnoscit</strong></span> <span class='ocrx_word' id='word_1_268' title='bbox 556 4133 723 4184; x_wconf 84' lang='lat' dir='ltr'><strong>Secretarius</strong></span> <span class='ocrx_word' id='word_1_269' title='bbox 746 4137 772 4185; x_wconf 90' lang='lat' dir='ltr'><strong>S.</strong></span> <span class='ocrx_word' id='word_1_270' title='bbox 794 4139 890 4198; x_wconf 69' lang='lat' dir='ltr'><strong>Congr.</strong></span> <span class='ocrx_word' id='word_1_271' title='bbox 912 4139 1004 4196; x_wconf 80' lang='lat' dir='ltr'><strong>Conc,</strong></span> <span class='ocrx_word' id='word_1_272' title='bbox 1025 4141 1051 4186; x_wconf 84' lang='lat' dir='ltr'><strong>In</strong></span> <span class='ocrx_word' id='word_1_273' title='bbox 1074 4139 1206 4202; x_wconf 71' lang='lat' dir='ltr'><strong>praedicto</strong></span> <span class='ocrx_word' id='word_1_274' title='bbox 1229 4139 1298 4202; x_wconf 75' lang='lat' dir='ltr'><strong>[olio</strong></span> <span class='ocrx_word' id='word_1_275' title='bbox 1322 4157 1411 4190; x_wconf 69' lang='lat' dir='ltr'><strong>causac</strong></span> 
     </span>
     <span class='ocr_line' id='line_1_34' title="bbox 284 4213 544 4276; baseline -0.008 -15"><span class='ocrx_word' id='word_1_276' title='bbox 284 4213 430 4270; x_wconf 76' lang='lat' dir='ltr'><strong>I&#39;Ientinre,</strong></span> <span class='ocrx_word' id='word_1_277' title='bbox 447 4229 473 4276; x_wconf 92' lang='lat' dir='ltr'><strong>p.</strong></span> <span class='ocrx_word' id='word_1_278' title='bbox 491 4217 544 4260; x_wconf 85' lang='lat'><strong>151.</strong></span> 
     </span>
    </p>

    <p class='ocr_par' dir='ltr' id='par_1_8' title="bbox 314 4291 713 4352">
     <span class='ocr_line' id='line_1_35' title="bbox 314 4291 713 4352; baseline 0 -14"><span class='ocrx_word' id='word_1_279' title='bbox 314 4293 324 4324; x_wconf 79' lang='lat'><strong>³</strong></span> <span class='ocrx_word' id='word_1_280' title='bbox 343 4291 414 4340; x_wconf 87' lang='lat' dir='ltr'><strong>Bult.</strong></span> <span class='ocrx_word' id='word_1_281' title='bbox 429 4291 513 4348; x_wconf 65' lang='lat' dir='ltr'><strong>Rom,</strong></span> <span class='ocrx_word' id='word_1_282' title='bbox 531 4295 549 4339; x_wconf 91' lang='lat' dir='ltr'><strong>t.</strong></span> <span class='ocrx_word' id='word_1_283' title='bbox 564 4305 603 4348; x_wconf 79' lang='lat' dir='ltr'><strong>rx,</strong></span> <span class='ocrx_word' id='word_1_284' title='bbox 618 4307 643 4352; x_wconf 87' lang='lat' dir='ltr'><strong>p.</strong></span> <span class='ocrx_word' id='word_1_285' title='bbox 660 4297 713 4338; x_wconf 74' lang='lat'><strong>376.</strong></span> 
     </span>
    </p>
   </div>
   <div class='ocr_carea' id='block_1_6' title="bbox 0 0 1662 5052">
    <p class='ocr_par' dir='ltr' id='par_1_9' title="bbox 0 0 1662 5052">
     <span class='ocr_line' id='line_1_36' title="bbox 0 0 1662 5052; baseline 0 11"><span class='ocrx_word' id='word_1_286' title='bbox 0 0 1662 5052; x_wconf 95' lang='lat' dir='ltr'><strong> </strong></span> 
     </span>
    </p>
   </div>
  </div>
 </body>
</html>
