3290 5060
386 460 503 512 suunt
521 461 697 512 DOCTRINAE
715 462 907 514 curflotlcst
925 463 969 513 DE
988 462 1167 514 subluteus
1307 461 1341 515 73

217 612 246 666 et
254 603 287 665 in
296 603 336 664 iis
339 602 490 686 partibus
498 603 827 688 quotidieoentitetur,
836 607 1341 670 SanctitatemVestram¹latuisse

216 731 279 771 non
298 708 452 787 arbitror;
472 710 662 790 praesertim,
679 730 750 770 cum
770 719 927 773 crescente
941 712 1159 795 fluctuationis
1173 711 1339 796 ambipuo,

216 821 345 876 eatenus
366 815 406 875 sit
425 835 623 896 processum,
640 823 675 875 ut
695 816 864 877 nonnullos
883 824 1002 878 constet
1021 817 1195 900 episcopos,
1213 816 1255 879 ab
1275 817 1342 878 iltis

215 919 421 996 (simoniacis)
435 919 599 982 ordinatos
613 919 745 981 clericos
760 919 862 982 denuo
877 941 1074 984 consecrasse
1084 922 1107 984 ¹.
1127 947 1141 980 s
1160 923 1250 983 Unde
1265 943 1341 983 con-

215 1032 277 1086 stat
291 1026 420 1086 iteratas
437 1025 548 1100 luisse,
568 1026 607 1086 ab
621 1026 778 1108 aliquibus
798 1027 968 1109 episcopie,
988 1029 1200 1089 ordinationes
1214 1049 1232 1089 a
1246 1029 1341 1089 simo-

216 1131 312 1192 niacis
325 1137 478 1212 receptas.
494 1167 534 1177 —
549 1131 617 1191 lmo
635 1132 666 1192 S.
684 1132 747 1192 Leo
763 1132 806 1192 IX
818 1132 944 1194 videtur
960 1141 992 1194 et
1008 1134 1074 1216 ipse
1090 1135 1204 1195 multas
1218 1134 1342 1194 ordina-

215 1236 335 1310 tiones,
353 1257 371 1297 a
391 1235 569 1324 simoniacis
590 1244 746 1318 receptas,
766 1239 911 1316 iterasse3
931 1239 1008 1300 dicit
1025 1239 1107 1299 enim
1127 1240 1210 1300 idem
1230 1239 1342 1300 Petrus

217 1340 404 1416 Damianos,
421 1340 522 1401 Actus
541 1340 803 1422 Mediolanenses,
821 1365 875 1404 seu
895 1344 1082 1425 opusculum
1097 1345 1137 1420 V,
1153 1348 1168 1422 ἓ
1188 1345 1276 1405 Tunc
1295 1344 1342 1405 in·

216 1453 283 1506 ter:
301 1471 315 1502 n
338 1446 373 1506 ld
390 1447 483 1506 etiam
503 1467 561 1508 nos
580 1467 643 1508 non
663 1449 817 1529 praeterit,
836 1449 921 1530 quod
937 1457 1052 1510 nostrae
1066 1450 1226 1510 memoriae
1240 1471 1342 1510 nonus

215 1551 278 1612 Leo
292 1573 373 1633 papa
383 1551 557 1634 plerosque
570 1551 759 1614 simoniacos
773 1560 803 1614 et
820 1553 904 1616 mate
913 1560 1076 1636 promotos
1092 1561 1244 1637 tanquam
1258 1554 1342 1616 novi-

215 1663 263 1717 ter
281 1655 476 1734 ordinavitl,
498 1656 563 1716 »id
583 1665 645 1732 est,
666 1665 815 1740 tanquam
835 1661 860 1720 si
880 1660 958 1720 nihil
978 1665 1068 1720 antea
1084 1660 1289 1741 recepissent,
1311 1667 1343 1720 et

214 1763 314 1843 prima
337 1763 405 1822 vice
428 1762 656 1823 ordinationem
678 1765 865 1845 reciperent.
892 1764 1007 1826 Mirum
1033 1765 1115 1825 enim
1139 1770 1285 1838 nonest,
1309 1766 1341 1824 in

214 1866 311 1928 tantis
329 1888 433 1927 rerum
451 1867 602 1943 tenebris,
620 1873 762 1930 sanctum
782 1871 979 1952 pontificem,
999 1871 1182 1951 ceteroquin
1202 1869 1341 1930 simoniae

213 1972 471 2047 infensissimum,
482 1973 628 2034 tutiorem
639 1981 671 2034 et
683 1976 871 2036 severiorem
886 1983 1017 2057 partem,
1028 1974 1138 2036 saltem
1152 1975 1192 2036 ad
1205 1982 1340 2056 tempuS,

212 2077 354 2158 elegisse.

256 2186 288 2242 2⁰
302 2185 450 2244 Attamen
466 2183 557 2244 multi
571 2183 839 2264 protestabantur,
851 2205 1023 2267 gravesque
1038 2185 1193 2246 tumultus
1207 2184 1340 2260 fiebant;

215 2287 383 2370 pluresque
398 2288 630 2350 contendebant
646 2289 791 2370 praelatas
806 2291 1018 2351 ordinationes
1033 2291 1151 2352 validas
1167 2312 1249 2365 esse,
1264 2312 1342 2372 pras-

217 2394 323 2453 sertim
341 2393 452 2454 Petrus
468 2394 654 2470 Damianus,
673 2396 727 2476 qui
745 2416 780 2456 ea
796 2403 899 2457 mente
915 2417 1006 2456 suum
1025 2395 1139 2456 librum
1155 2397 1209 2476 qui
1228 2396 1343 2456 dicitur

217 2495 425 2559 Gratissimus
444 2487 580 2580 scripsit.
598 2499 688 2560 Unde
708 2501 832 2561 tandem
849 2502 912 2562 Leo
928 2501 972 2561 lx
991 2501 1151 2562 decretum
1174 2501 1232 2561 hac
1251 2500 1289 2561 de
1309 2521 1341 2561 re

213 2623 315 2685 nuper
329 2604 448 2665 editum
460 2626 477 2665 a
488 2605 651 2666 Clemente
667 2605 696 2665 ll
711 2605 911 2687 (tots-1047)
926 2607 1104 2681 renovavit;
1118 2606 1203 2688 quod
1216 2607 1261 2666 sic
1272 2626 1341 2666 nar-

213 2716 263 2769 rat
277 2703 313 2770 P.
333 2709 519 2778 Damianus,
537 2709 630 2789 ibid,
647 2731 675 2772 c.
692 2729 789 2772 xxxv:
809 2736 823 2768 κ
849 2711 924 2771 Post
944 2711 1037 2792 longa
1052 2733 1125 2772 sane
1140 2711 1341 2790 disceptatio-

215 2833 290 2874 num
315 2813 388 2874 hinc
411 2814 484 2876 inde
507 2815 684 2890 volumina,
710 2815 836 2876 tandem
865 2823 1045 2896 suggestum
1073 2823 1133 2890 est,
1162 2815 1341 2876 reverendae

214 2918 375 2980 memoriae
390 2939 491 3000 nuper
500 2919 640 3002 ejusdem
651 2919 733 2982 sedis
745 2921 925 3002 episcopum
939 2920 1114 2982 decrevisse
1126 2920 1338 2982 Clementem:

218 3023 259 3086 Ut
273 3023 501 3107 quicumquae
519 3024 690 3087 simoniaco
706 3033 906 3087 consecratus
925 3033 1018 3104 esset,
1037 3025 1070 3086 in
1086 3025 1154 3108 ipso
1169 3024 1342 3087 ordinatio-

216 3128 267 3188 nis
281 3149 346 3189 suae
360 3135 497 3211 tempore
513 3151 575 3192 non
593 3129 746 3214 ignorans
760 3129 969 3192 simoniacum
980 3130 1033 3191 cui
1046 3152 1078 3192 se
1094 3129 1253 3192 obtulerat
1265 3151 1342 3213 pro-

216 3232 421 3312 movendum,
438 3233 654 3318 qnadraqinta
674 3257 759 3296 nunc
777 3235 903 3296 dierum
921 3235 1145 3318 poenitentiam
1165 3241 1288 3319 speret,
1313 3243 1343 3296 et

215 3337 263 3399 sic
279 3337 312 3398 in
327 3338 449 3421 accepti
462 3338 584 3400 ordinis
600 3339 706 3422 officio
722 3339 930 3402 ministraret.
941 3377 982 3386 —
996 3341 1095 3410 Quam
1110 3341 1257 3400 nimirum
1273 3362 1355 3400 sen-1

216 3443 348 3504 tentiam
363 3445 506 3526 protinus
521 3445 707 3506 venerabilis
722 3446 784 3506 Leo
800 3453 899 3506 ratam
915 3446 1094 3527 percensuit
1104 3446 1127 3506 ⁴.
1144 3470 1158 3501 »

256 3549 290 3610 3⁰
311 3548 485 3610 Renovatae
504 3556 578 3610 sunt
596 3551 818 3611 controversiae
833 3551 891 3611 sub
911 3551 1041 3611 Nicolao
1061 3549 1340 3631 11(1058-1061);

216 3652 302 3735 quod
316 3653 429 3715 iterum
445 3661 549 3716 narrat
563 3655 599 3716 P.
616 3655 802 3730 Damianus,
813 3657 846 3715 in
861 3655 961 3737 capite
974 3676 1080 3731 xxxix,
1095 3656 1179 3737 quod
1191 3654 1342 3736 opusculo

248 3807 258 3840 ¹
277 3805 379 3856 Scribit
393 3807 428 3855 ad
443 3805 604 3866 stanneum,
621 3808 807 3857 Ravennatem
822 3808 990 3871 episcopum.

247 3883 259 3919 ²
275 3883 359 3934 Liber
368 3884 419 3950 qui
432 3884 536 3935 dicitur
547 3885 734 3948 (iratissimus,
745 3899 793 3934 seu
808 3885 976 3950 Opusculum
987 3885 1034 3945 Vl,
1045 3885 1137 3946 initio;
1150 3885 1251 3949 migne,
1261 3884 1291 3934 P.
1301 3883 1340 3942 ln,

216 3966 236 4012 t.
249 3977 325 4024 cxiv,
340 3963 394 4013 eol.
410 3968 449 4012 99.

246 4041 257 4077 θ
274 4041 376 4105 Mirans,
393 4041 422 4090 P.
433 4043 472 4100 t„
489 4045 510 4092 t.
520 4057 597 4103 oxus,
613 4043 664 4092 col.
680 4048 719 4092 93.
734 4043 847 4092 -.Vere
862 4043 946 4092 tuisse
960 4057 976 4091 a
991 4043 1080 4092 Leone
1095 4041 1133 4090 lx
1146 4041 1258 4091 iteratas
1270 4039 1342 4089 ordi·

216 4120 340 4170 nationes
354 4119 486 4181 allinunt,
502 4121 573 4171 inter
591 4121 705 4180 multos,
722 4121 827 4184 Lupus,
842 4121 870 4169 in
884 4120 1083 4170 Dissertatione
1098 4119 1131 4169 de
1144 4117 1270 4168 Simonias
1289 4116 1342 4165 cri-

217 4197 300 4258 mine,
316 4213 341 4248 c.
355 4211 416 4258 κνῆ
430 4197 496 4263 Syn.
511 4213 575 4264 qen.
588 4213 619 4249 so
630 4197 765 4263 provinc„
778 4199 914 4260 venetiis,
930 4203 1004 4258 1725,
1020 4202 1040 4248 t.
1057 4213 1093 4258 iv,
1109 4213 1136 4261 p.
1152 4201 1206 4246 100.

244 4278 256 4310 ⁴
272 4276 423 4335 tntu.,c01.
439 4281 493 4326 150.
