3294 5054
228 425 237 450 ⁹
279 483 322 532 DE
342 481 569 531 ORDINATIONE
590 483 839 534 RELIGIOSORUM
859 481 1018 532 VOTORUM
1040 480 1232 531 SllthLlClUbl
1265 476 1318 528 425

227 593 272 690 ¹l⁰
298 616 395 692 Bulla
420 625 653 712 Speculatores
676 627 754 715 jura
780 633 814 691 et
845 626 956 691 officia
982 625 1118 692 exhibet
1145 626 1318 712 episcopo-

195 764 280 815 rum,
299 741 357 828 qui
376 721 457 805 sunt
476 741 603 828 proprii
624 741 754 829 (quoad
774 739 1040 826 ordinationem)
1059 739 1191 804 ratione
1216 739 1319 824 oripi·

196 855 263 936 nis,
294 855 474 936 domicilii,
505 856 673 938 beneficii,
695 855 965 940 familiaritatis,·
994 853 1054 918 sed
1078 860 1174 918 extra
1198 852 1319 916 horum

195 991 334 1033 censum
360 977 412 1033 est
441 969 619 1056 episcopus
653 969 856 1033 dioecesanus
883 968 1078 1032 monasterii
1111 989 1170 1032 seu
1199 968 1320 1032 domus

196 1083 374 1168 religiose,
407 1083 449 1146 ad
474 1105 592 1170 quem,
620 1083 654 1146 vi
678 1082 769 1146 soliti
794 1082 935 1163 indulti,
962 1082 1152 1169 superiores
1176 1081 1319 1167 dirigere

196 1195 321 1261 debent
356 1197 488 1262 litteras
519 1195 762 1262 dimissoriales
797 1197 839 1260 ad
877 1196 1083 1262 ordinandos
1120 1219 1200 1260 suos
1240 1193 1320 1259 sub-

196 1309 297 1375 ditos.

241 1423 277 1487 20
296 1424 395 1488 Bulla
420 1425 621 1510 Apostolieae
645 1426 748 1507 sedis,
772 1425 835 1490 loc.
863 1425 936 1504 cit,
962 1423 1100 1510 respicit
1124 1421 1320 1508 episcopum

196 1538 253 1626 qui
273 1538 408 1603 ordinat
423 1540 607 1623 proprium
625 1540 803 1604 subditum
822 1537 950 1626 absque
969 1537 1093 1602 litteris
1112 1535 1321 1600 testimonia·

194 1650 296 1733 libus,
318 1660 383 1718 etc.
411 1651 478 1717 Sed
499 1652 678 1739 episcopus
709 1653 921 1717 dioecesanus
950 1650 1163 1730 monasterii,
1186 1647 1320 1736 quando

195 1765 330 1830 ordinat
355 1765 531 1830 alumnum
555 1766 752 1852 religiosum
772 1767 814 1831 ad
835 1789 870 1831 se
895 1766 1090 1845 dimissum,
1118 1763 1184 1828 dici
1203 1761 1322 1850 nequit

195 1879 345 1964 rigorose
368 1880 573 1968 (praesertim
593 1880 628 1943 in
644 1903 679 1944 re
699 1880 842 1969 poenali)
866 1879 1021 1944 ordinare
1037 1880 1221 1964 proprium
1240 1877 1321 1940 sub-

195 1993 307 2057 ditum
313 2012 327 2076 ,·
342 1993 396 2057 hic
416 1993 507 2058 enim
526 1995 687 2058 alumnus
707 2002 760 2059 est
779 1993 935 2058 subditus
955 1992 1138 2080 superioris
1157 1989 1319 2070 instituti,

196 2129 265 2171 non
301 2107 451 2194 episcopi
488 2108 690 2174 ordinantis,
729 2107 827 2187 Quod
864 2108 1054 2194 'praesertim
1091 2128 1209 2170 verum
1251 2111 1319 2184 est,

197 2221 333 2307 quando
353 2221 531 2308 episeopus
552 2223 712 2286 ordinans
732 2245 800 2286 non
821 2231 873 2287 est
893 2221 1073 2308 episcopus
1097 2220 1319 2297 dioecesanus,

197 2334 257 2398 sed
277 2335 454 2422 episcopus
473 2336 604 2399 alienus
623 2337 841 2421 quicumque.

242 2449 277 2514 30
301 2447 367 2511 Pro
391 2448 445 2512 his
474 2449 621 2513 alumnis
651 2449 837 2536 religiosis,
865 2447 998 2512 abunde
1030 2445 1153 2512 satisfit
1182 2445 1250 2531 legi
1281 2443 1322 2508 de

197 2562 499 2644 testimonialibus,
522 2562 566 2626 ob
592 2563 645 2626 Pii
674 2562 720 2626 IX
746 2563 935 2642 decretum,
958 2563 999 2628 25
1021 2563 1093 2650 jan.
1127 2559 1228 2638 1848,
1256 2581 1322 2646 quo

196 2677 461 2765 praescribuntur
479 2677 580 2740 varice
598 2677 719 2741 litterae
739 2676 986 2741 testimoniales
1008 2699 1069 2762 pro
1093 2673 1262 2761 religiosis
1282 2671 1323 2736 ad

196 2791 349 2856 habitum
369 2790 601 2856 admittendis.
617 2791 667 2854 De
683 2813 750 2878 quo
765 2790 907 2878 proinde
927 2789 1016 2854 idem
1036 2787 1217 2854 dicendum
1233 2785 1324 2873 quod

198 2925 299 2988 supra
316 2901 368 2988 (n.
394 2903 488 2990 171)
508 2903 549 2968 de
570 2902 809 2990 Regularibus

243 3016 278 3078 l⁰
308 3016 450 3104 Egregie
482 3018 701 3084 confirmatur
729 3018 950 3105 responsione
979 3016 1013 3082 S.
1044 3014 1169 3100 Congr.
1198 3013 1260 3101 Ep.
1291 3021 1324 3078 et

198 3130 284 3215 Reg.
317 3130 403 3196 Cum
435 3131 526 3195 enim
555 3131 626 3195 haee
660 3155 735 3219 queo
769 3131 859 3196 dicta
895 3137 975 3195 sunt
1009 3129 1261 3218 disputarentur
1290 3135 1324 3192 et

198 3251 532 3310 controverterentur
556 3246 590 3309 in
614 3246 751 3310 dioecesi
773 3245 972 3324 parisiensi,
996 3266 1085 3308 anno
1109 3242 1211 3323 1894,
1235 3241 1324 3306 Emi-

199 3359 419 3424 nentissimus
440 3359 620 3424 cardinalis
637 3359 795 3440 Richard,
817 3359 1089 3446 archiepiscopus
1110 3356 1322 3435 Parisiensis,

199 3473 270 3537 brec
290 3473 357 3537 duo
378 3472 480 3538 dubia
496 3474 672 3561 proposuit
687 3473 785 3538 dictae
802 3471 1089 3559 Congregationi:
1110 3498 1124 3532 a
1143 3471 1155 3534 l
1167 3523 1173 3536 .
1186 3471 1322 3552 Utrum,

200 3588 233 3651 in
265 3588 477 3652 ordinatione
505 3587 719 3652 alumnorum
747 3587 1000 3672 religiosorum,
1028 3609 1070 3650 ex
1089 3585 1130 3648 iis
1157 3584 1325 3648 institutis

199 3723 273 3788 quae
300 3700 466 3788 simplicia
496 3707 628 3765 tantum
656 3706 734 3765 vota
761 3700 939 3780 emittunt,
962 3699 1178 3786 requirantur
1203 3697 1324 3762 litterae

199 3814 446 3879 testimoniales
480 3813 752 3894 Ordinariorum,
794 3815 827 3878 in
866 3836 1010 3901 quorum
1051 3809 1253 3877 dioecesibus
1290 3811 1325 3874 hi

200 3929 329 3993 alumni
348 3935 443 3993 tanto
463 3935 614 4015 tempore
639 3928 761 3992 morati
781 3935 877 4006 sunt,
899 3933 937 3991 ut
957 3927 1157 3991 canonicum
1181 3924 1324 4012 impedi-

202 4049 352 4108 mentum
373 4041 570 4107 contrahere
590 4040 637 4106 ibi
650 4041 836 4129 potuerint,
859 4041 901 4106 ad
921 4063 1075 4107 normam
1096 4044 1206 4104 const.
1229 4038 1324 4124 Apo-

200 4157 324 4222 stolicee
347 4158 449 4240 sedis,
482 4157 532 4220 Da
552 4177 830 4236 sesrrssromecs,
853 4159 868 4238 ξ
897 4157 932 4235 3;
955 4193 999 4204 -—
1018 4155 1073 4219 vel
1100 4153 1213 4241 potius
1232 4153 1324 4217 suffi-

201 4271 291 4336 ciant
314 4271 436 4336 litterae
461 4271 661 4336 dimissoriae
691 4271 873 4358 superioris
897 4269 1082 4356 generalis,
1110 4268 1191 4357 quin
1214 4269 1325 4355 requi-

229 4435 240 4481 t
