3300 5056
363 487 416 540 210
632 487 676 536 DE
695 485 833 536 LEGIBUS
853 485 967 536 SACRAE
985 484 1220 535 ORDth'l'lONlS

363 639 479 720 egeret
506 631 584 720 quis
611 629 941 717 imprudentissime,
970 628 1190 717 ingrediendo
1216 629 1305 694 hunc
1332 635 1483 700 statum:

363 747 533 839 quomodo
553 747 644 812 enim
663 769 866 834 praesumere
886 753 1002 835 posset
1022 768 1058 810 se
1081 745 1275 810 habiturum
1299 745 1365 810 ista
1389 745 1486 810 auxi·

362 865 424 945 lia,
453 884 528 949 quae
555 868 670 925 temen
698 866 778 925 sunt
808 859 892 926 adeo
925 859 1141 925 necessaria?
1169 882 1235 946 quo
1263 858 1485 924 fundamento

362 989 526 1052 niteretur
544 987 610 1052 isto
628 983 874 1072 praesumptio?
889 1021 932 1031 -
953 983 1114 1062 Econtra,
1136 981 1165 1045 si
1185 981 1276 1046 Deus
1296 980 1368 1068 ipse
1387 1002 1486 1044 voca-

361 1103 465 1182 verit,
494 1123 563 1166 non
588 1105 718 1188 potest,
743 1098 843 1184 juxto
870 1120 907 1162 eu
936 1119 1011 1184 quoe
1040 1117 1141 1182 supra
1169 1095 1260 1160 dicta
1288 1101 1384 1175 sunt,
1416 1116 1485 1158 non

361 1215 545 1282 concedere
574 1216 639 1279 ista
668 1212 809 1292 auxilia,
838 1211 886 1276 ita
914 1218 953 1276 ut
983 1211 1032 1275 sio
1055 1217 1177 1275 vocato
1205 1209 1319 1274 omnia
1346 1210 1483 1274 tandem

362 1352 521 1419 prospere
548 1327 688 1409 cedant,
706 1327 806 1415 juxte
834 1325 947 1415 ipsum
973 1324 1148 1390 Christum
1174 1323 1308 1412 (loun,
1338 1345 1377 1404 x,
1410 1323 1450 1410 9)
1474 1343 1482 1389 :

363 1474 379 1505 c
401 1445 474 1532 Ego
495 1467 570 1508 sum
595 1443 740 1518 ostium;
764 1464 823 1529 per
845 1463 900 1504 me
925 1440 954 1504 si
978 1439 1053 1527 quis
1077 1439 1260 1521 introierit,
1282 1437 1480 1509 salvabitur,

360 1566 394 1624 et
413 1557 632 1645 ingredietur,
654 1563 688 1620 et
707 1555 909 1642 egredietur,
932 1561 966 1618 et
985 1577 1110 1641 pascua
1129 1553 1290 1618 inveniet.
1315 1581 1330 1614 n

404 1787 473 1858 81.
489 1826 531 1836 -
545 1786 774 1854 vocationis
793 1785 941 1852 divinar
965 1785 1093 1872 signa.

405 1903 451 1967 N.
464 1901 504 1965 B.
518 1939 562 1950 -
577 1899 708 1966 Omitto
723 1899 847 1963 divinae
866 1897 1056 1963 vocationis
1075 1898 1173 1985 signa
1191 1897 1479 1978 extraordinarie,

360 2040 435 2104 quae
467 2022 547 2079 sunt
577 2036 700 2101 nempe
731 2019 826 2077 extra
860 2035 1075 2078 communem
1104 2011 1228 2076 divinae
1255 2010 1481 2076 Providentiae

359 2129 528 2208 ordinem,
556 2126 670 2214 qualia
698 2126 844 2212 legimus
867 2126 902 2190 in
925 2127 995 2191 vite
1019 2126 1243 2215 quorumdam
1270 2131 1479 2205 sanctorum,

360 2242 409 2307 sie
424 2241 459 2307 S.
480 2239 684 2305 Ambrosius
698 2263 782 2306 voce
796 2239 930 2328 pueruli
945 2240 1144 2327 designatur
1157 2239 1201 2304 ed
1214 2239 1478 2327 episcopatum¹;

360 2355 409 2420 sie
436 2353 621 2441 Gregorius
646 2354 794 2441 Magnus
829 2353 970 2419 latitans
997 2354 1123 2418 indicio
1151 2353 1318 2418 columnae
1344 2352 1482 2440 fulgide

359 2467 624 2558 deprehenditur
654 2473 688 2532 et
720 2468 852 2556 rapitur
883 2467 926 2532 ed
956 2468 1224 2556 pontificatum¹,
1259 2475 1324 2533 etc.
1356 2467 1482 2554 Agitur

358 2606 438 2670 ergo
458 2588 592 2647 tantum
611 2581 653 2646 de
673 2581 780 2668 signis
799 2581 994 2665 ordinariis,
1015 2580 1140 2669 quibus
1158 2581 1251 2646 Deus
1271 2581 1481 2646 vocationem

359 2720 456 2762 suam
471 2695 689 2762 manifestere
709 2695 809 2761 solet.
827 2695 904 2760 Tria
923 2701 1004 2760 sunt
1023 2703 1138 2760 eutem
1151 2695 1347 2783 hujusmodi
1366 2695 1478 2783 signo,

358 2833 480 2898 nempe
497 2810 661 2874 idoneitas
665 2860 676 2894 ,
695 2807 867 2874 inclinetio
882 2808 925 2873 ad
944 2815 1073 2874 statum
1091 2809 1299 2890 clericalem,
1316 2817 1351 2874 et
1369 2811 1481 2876 electio

358 2924 508 3012 episcopi
526 2923 669 3012 proprii,
692 2923 733 2988 de
753 2922 876 3011 quibus
896 2923 1041 3010 singulis
1060 2923 1253 2990 dicendum.

404 3037 436 3101 l⁰
451 3039 610 3103 Primum
628 3039 782 3123 ciprum,
799 3061 922 3126 nempe
943 3038 1116 3104 idoneitas.
1133 3077 1178 3086 —
1194 3041 1224 3104 t.
1243 3037 1414 3104 ldoneitas
1430 3047 1481 3103 cst

358 3152 529 3237 aptitudo,
561 3175 603 3216 ex
636 3141 744 3240 purte¹
766 3152 837 3217 sive
870 3154 1038 3238 corporis,
1069 3153 1142 3218 sive
1176 3154 1379 3238 intellectus,
1410 3155 1481 3218 sive

359 3265 542 3330 voluntatis
561 3275 593 3330 et
618 3289 770 3350 morum,
792 3267 836 3332 ed
860 3267 1120 3353 inprediendum
1143 3276 1272 3334 etatum
1294 3269 1497 3334 clericalem

358 3381 501 3466 ejusque
524 3381 708 3446 exercende
732 3381 860 3446 munio.
883 3380 1030 3446 Idoneus
1053 3389 1106 3447 est
1129 3405 1171 3446 ee
1189 3391 1290 3469 perte
1312 3385 1478 3470 corporis,

358 3493 417 3581 qui
435 3493 530 3557 nullo
550 3494 633 3558 vitio
653 3493 785 3559 laborat
800 3517 867 3583 quo
886 3494 1047 3560 reddatur
1064 3495 1225 3562 inhabilis
1244 3497 1287 3561 ad
1301 3497 1373 3562 hoec
1387 3519 1481 3562 exer·

358 3607 464 3671 cende
484 3607 598 3672 munia
612 3607 670 3696 (de
685 3631 753 3697 quo
768 3617 887 3697 agetur
902 3610 937 3674 in
952 3610 1229 3676 Praelectionibus
1247 3613 1287 3675 de
1305 3611 1481 3697 Irrepule-

359 3720 550 3809 ritetibuo),
568 3729 602 3787 et
616 3729 753 3789 econtra
769 3722 991 3812 qualitatibus
1005 3724 1074 3790 illis
1090 3725 1253 3813 praeditus
1271 3731 1340 3808 est,
1358 3725 1480 3814 quibus

390 3907 399 3940 ¹
423 3905 483 3954 Vitn
495 3905 521 4032 ³¹5.
537 3907 689 3967 Ambrosii,
708 3910 810 3972 scripta
825 3925 840 3959 u
854 3909 976 3970 Paulino,
992 3911 1051 3974 ejus
1065 3913 1180 3972 notorio,
1195 3928 1223 3962 u.
1239 3916 1266 3972 σς
1282 3911 1383 3976 Migue,
1399 3913 1429 3963 P.
1440 3915 1480 3970 L..

358 3988 378 4034 t.
394 4001 448 4043 xiv,
464 4000 514 4034 co.
531 3991 570 4034 29.

388 4063 534 4112 ²ioannes
548 4065 687 4125 diaconus,
701 4065 761 4116 Vite
775 4067 800 4115 S.
818 4065 946 4132 Gregorii
959 4067 1060 4132 Magni,
1076 4068 1124 4118 lib.
1139 4067 1160 4128 Ι,
1176 4083 1203 4118 n.
1219 4072 1262 4130 tt3
1278 4069 1378 4132 illisne,
1395 4069 1426 4119 P.
1441 4071 1480 4128 L„

358 4147 378 4193 t.
394 4157 470 4202 uxr,
487 4143 539 4192 col.
555 4147 599 4202 813
616 4143 674 4206 ipse
689 4144 836 4208 Gregorius
853 4161 906 4196 non
926 4147 1011 4195 semel
1025 4151 1158 4197 memoret
1177 4148 1236 4197 hoec
1249 4147 1358 4212 judicu
1375 4148 1481 4208 diuino,

358 4221 457 4283 quibos
476 4223 603 4270 resistere
622 4237 676 4271 nou
695 4227 835 4286 potuerat,
852 4240 878 4274 v.
895 4240 930 4286 g,
951 4223 1048 4288 Epist,
1067 4225 1114 4274 lib.
1130 4225 1155 4285 1,
1177 4227 1256 4289 epist.
1272 4239 1329 4286 xxi;
1350 4227 1398 4276 tib.
1416 4226 1480 4282 vll,

358 4300 437 4362 epist.
453 4313 494 4359 ης
509 4299 613 4362 Migne,
630 4299 660 4349 P.
676 4301 716 4360 L.,
733 4305 758 4374 t,
769 4317 868 4363 mxvii,
885 4304 936 4353 cot.
952 4307 1011 4363 ⁴66,
1027 4307 1083 4352 855.
