3246 5052
335 513 386 567 548
672 515 716 564 DE
735 513 866 565 RlTlBUS
885 515 1120 564 ORDlNATlONlS

332 659 429 724 cione
457 657 645 744 baptizatus
673 666 742 730 est,
765 665 800 722 et
819 657 936 722 libello
955 657 1101 745 supplici
1121 659 1178 746 qui
1198 658 1308 723 adhuc
1328 665 1458 741 extat¹,

331 781 370 840 ut
397 771 461 838 sibi
492 772 559 836 ritu
584 771 750 836 catholieo
777 771 932 850 ordines,
955 773 1058 836 etiam
1084 772 1355 860 presbyteratus,
1380 799 1459 840 con-

332 889 511 966 ferrentur,
545 885 748 973 postulavit;
782 885 872 950 unde
906 886 1088 973 quaesitum
1116 893 1168 950 est
1201 911 1268 975 quo
1292 911 1457 976 responso

332 1001 534 1066 dimittenda
554 1007 645 1064 esset
664 999 734 1063 haec
755 999 890 1087 petitio;
914 1023 1117 1087 responsum
1133 1008 1248 1066 autem
1268 1002 1386 1068 datum
1404 1013 1456 1068 est

331 1116 374 1184 ab
393 1117 467 1205 ipso
487 1115 586 1181 Rom.
607 1115 770 1178 Pontiliee
791 1113 968 1179 Clemente
988 1113 1034 1179 Xl
1050 1115 1084 1179 in
1100 1115 1135 1182 S.
1155 1115 1290 1198 Officio,
1309 1117 1362 1182 his
1382 1141 1456 1182 ver-

330 1231 408 1296 bis:
431 1257 447 1290 «
470 1231 566 1294 Feria
587 1229 628 1310 V,
650 1228 704 1293 die
725 1231 766 1294 Π
786 1251 858 1316 apr.
884 1228 985 1309 1704,
1003 1229 1038 1293 in
1063 1229 1163 1294 solita
1184 1230 1453 1318 Congregatione

329 1345 364 1411 S.
390 1346 430 1412 R.
453 1353 487 1410 et
509 1343 551 1409 U.
580 1343 855 1431 inquisitionis...
879 1365 992 1407 coram
1017 1341 1164 1409 SSmo...
1189 1345 1310 1410 Relata
1325 1347 1453 1410 instan-

328 1459 392 1539 tia,
433 1466 512 1538 etc,
551 1457 694 1536 SSmus,
731 1457 855 1521 auditis
890 1457 980 1521 votis
1017 1457 1177 1521 Emorum
1213 1459 1449 1540 cardinalium,

327 1573 471 1637 decrevit
490 1571 581 1660 quod
600 1573 749 1637 loannes
769 1569 928 1635 Clemens
948 1570 1087 1634 Gordon
1102 1594 1142 1634 ec
1163 1573 1294 1657 intepro
1308 1581 1340 1636 et
1359 1574 1452 1637 aliso-

328 1687 396 1751 lute
416 1687 594 1750 ordinetur
612 1687 657 1749 ad
676 1708 790 1749 omnes
809 1685 955 1766 ordines,
977 1685 1078 1748 etiam
1097 1708 1220 1766 saeros,
1238 1695 1270 1750 et
1284 1687 1452 1772 precipue

322 1801 598 1886 presbyteratus,
621 1805 655 1864 et
682 1807 850 1886 quatenus
878 1819 945 1861 non
971 1797 1068 1862 luerit
1095 1799 1330 1878 confirmatus,
1359 1801 1450 1887 prius

326 1920 575 1979 sacramentum
591 1913 858 1977 confirmationis
877 1913 1040 2000 suscipiat
1050 1916 1070 1977 ².
1098 1941 1113 1972 n
1133 1952 1176 1962 -
1198 1915 1247 1978 De
1267 1915 1320 1978 his
1339 1921 1449 1978 autem

326 2027 458 2092 duobus
477 2028 660 2116 responsis,
683 2037 716 2092 et
743 2027 910 2114 praecipue
931 2027 972 2090 de
992 2028 1196 2113 posteriore,
1218 2050 1350 2114 magnae
1370 2035 1450 2091 ortae

325 2149 405 2206 sunt
424 2142 680 2220 controversiam
712 2163 789 2205 cum
808 2145 900 2224 facta
922 2141 1002 2217 sint,
1034 2141 1151 2227 negari
1172 2149 1362 2229 nequeunt;
1390 2141 1449 2205 sed

324 2255 493 2320 diversam
519 2255 686 2343 recipiunt
704 2255 1031 2342 interpretationem.
1056 2253 1122 2332 Qui
1147 2255 1238 2318 enim
1262 2263 1342 2319 ante
1364 2253 1448 2318 Leo-

323 2369 377 2433 nis
390 2368 472 2432 Xlll
488 2368 941 2454 bullamApostolicaecurae,
960 2391 1013 2433 an.
1032 2368 1131 2446 1896,
1145 2367 1319 2449 tenebant,
1337 2376 1370 2433 et
1391 2370 1449 2456 qui

322 2483 433 2547 adhuc
447 2483 558 2564 hodie,
581 2484 669 2548 inter
679 2482 889 2569 anglicanos,
902 2489 1021 2547 tenent
1041 2505 1101 2569 pro
1114 2481 1291 2547 validitate
1311 2482 1446 2546 ordina-

322 2597 454 2661 tionum
465 2596 734 2684 anglicanarum,
748 2603 905 2661 asserunt
916 2619 957 2661 ex
969 2597 1023 2660 his
1032 2597 1205 2682 responsis
1216 2596 1300 2660 nihil
1312 2603 1371 2660 aut
1382 2595 1449 2661 lere

322 2711 406 2775 nihil
431 2711 551 2775 deduci
578 2719 695 2775 contra
722 2711 872 2797 ipsorum
899 2711 1110 2797 opinionem,
1133 2711 1350 2797 potissimum
1369 2733 1448 2798 pro-

321 2833 397 2913 pter
416 2825 503 2891 iria:
528 2825 558 2888 l.
581 2823 667 2902 Quia
689 2825 759 2888 haec
779 2847 942 2912 responsa
966 2824 1135 2912 praecipue
1160 2824 1315 2889 nituntur
1334 2823 1449 2888 fabula

322 2939 545 3004 ordinationis
569 2939 719 3003 Perkerii
746 2939 780 3002 in
807 2937 987 3018 taberna³;
1009 2977 1052 2986 -
1071 2939 1102 3002 2.
1135 2938 1221 3016 Quia
1247 2961 1448 3025 responsum

322 3077 376 3120 an.
409 3055 493 3119 1704
524 3054 643 3118 nititur
671 3053 755 3118 salsa
793 3053 918 3118 rituum
948 3052 1205 3140 anglicanorum
1237 3053 1448 3141 expositione

322 3167 442 3232 lactea
462 3169 592 3233 loanne
608 3166 746 3230 (london
767 3167 800 3230 in
821 3190 881 3232 sua
896 3167 1059 3252 petitione
1074 3169 1100 3239 ⁴:
1124 3207 1166 3215 —
1187 3168 1218 3232 3.
1242 3165 1329 3244 Quia
1349 3165 1448 3231 ambo

354 3307 361 3337 ¹
381 3307 461 3367 Apud
477 3306 513 3354 Lo
528 3307 627 3362 Qnien,
644 3321 685 3368 op.
702 3305 757 3356 cit..
775 3303 892 3362 Xutlite',
909 3308 971 3362 eie,
989 3309 1007 3353 t.
1025 3320 1055 3357 ιι,
1072 3307 1098 3352 in
1113 3306 1179 3356 line,
1197 3321 1222 3369 p.
1240 3321 1395 3354 cxix-mxv.

353 3386 363 3416 ²
380 3385 495 3432 Textum
511 3384 697 3432 eutii-anticum
712 3385 846 3444 integrum
860 3384 940 3446 hujus
950 3384 1051 3432 decreti
1063 3383 1147 3432 habes
1158 3385 1229 3446 apud
1241 3384 1352 3439 Brundi,
1364 3400 1391 3447 p.
1403 3389 1446 3440 91;

321 3465 355 3512 ab
376 3464 426 3510 lioc
445 3467 522 3511 textu
541 3463 632 3511 dilleri
651 3467 741 3511 textus
761 3463 832 3525 apud
853 3463 953 3511 multos
973 3465 1097 3511 auctores
1117 3463 1255 3525 vulgatus,
1273 3479 1298 3510 r.
1318 3481 1354 3526 g,
1376 3464 1448 3526 apud

322 3543 357 3590 Le
373 3543 473 3599 Quian,
495 3540 543 3588 loe.
560 3541 621 3598 cit:
637 3542 707 3590 unde
726 3542 824 3589 Brundi
844 3541 914 3588 hone
935 3545 1038 3590 textum
1059 3543 1246 3590 oirtlrcntieum
1266 3542 1378 3590 exhibet
1397 3557 1448 3604 ope

321 3621 505 3683 plrototppiae,
522 3636 548 3683 p.
563 3625 621 3676 178,
638 3625 665 3668 et
680 3635 731 3682 ope
746 3620 965 3682 photographiie.
983 3635 1008 3683 p.
1023 3625 1077 3669 not.

352 3700 363 3734 ³
381 3699 433 3746 Diu
448 3703 586 3747 narratum
602 3703 629 3748 et
643 3714 658 3747 u
673 3699 765 3748 multis
785 3703 912 3760 tanquam
933 3705 1035 3747 certum
1056 3700 1179 3748 habitum
1199 3703 1253 3755 est,
1274 3699 1447 3756 Fertinium,

321 3779 555 3840 arehiepiscopum
573 3777 807 3834 Cantuaricnseni,
827 3793 841 3825 a
861 3793 915 3840 quo
937 3779 1033 3840 reliqui
1054 3779 1174 3841 episcopi
1197 3779 1330 3841 anglicani
1352 3782 1448 3828 tenent

321 3859 460 3919 originem,
473 3857 627 3905 ordinatum
642 3856 733 3909 luisse,
745 3872 788 3905 on.
803 3862 870 3906 lana.
882 3857 908 3904 in
919 3859 1035 3919 quadarn
1047 3858 1172 3912 taberna,
1184 3872 1233 3920 per
1243 3857 1448 3920 impositionem

320 3937 382 3984 iibri
398 3935 547 3984 Bibliorunr
563 3937 588 3984 in
607 3937 708 3998 capite,
725 3951 786 3984 cnm
802 3937 843 3983 liis
860 3935 966 3984 verbis:
983 3935 1081 3998 Accipe
1097 3939 1259 3998 potestatem
1274 3935 1449 4000 praedicandi

320 4016 433 4064 uerbum
451 4014 497 4062 oet
513 4013 540 4063 in
555 4031 603 4063 sua
622 4014 764 4078 puritate:
779 4031 839 4077 quae
856 4015 978 4077 prolecto
994 4017 1129 4064 ordinatio
1144 4016 1216 4063 nulla
1231 4021 1282 4065 est.
1295 4017 1364 4065 Vide
1382 4017 1447 4065 laeti

320 4095 502 4143 narrationem
519 4095 590 4156 apud
606 4094 640 4141 Le
654 4094 752 4150 Quien.
771 4095 819 4142 tor.
834 4093 889 4151 cit,
907 4097 925 4143 t.
941 4109 961 4150 ι,
978 4109 1001 4142 c.
1016 4111 1054 4154 vr,
1071 4109 1098 4155 p.
1114 4098 1225 4143 ist-raa.
1239 4125 1266 4131 -
1280 4096 1319 4144 Ci.
1332 4095 1446 4146 Brundi.

320 4189 346 4236 p.
364 4177 492 4229 ato-ain
509 4199 538 4209 -
555 4173 640 4220 llerue
656 4173 893 4236 nupto-romaica,
911 4177 930 4222 t.
946 4189 975 4225 n,
992 4190 1018 4236 p.
1033 4179 1153 4223 rra-175.
1306 4161 1313 4174 ¹

351 4254 361 4286 ⁴
380 4253 449 4299 Vide
465 4253 561 4299 iterum
578 4252 737 4313 petitionem
752 4251 865 4300 inarmis
880 4253 1005 4311 tiortlon,
1020 4254 1091 4316 apud
1104 4255 1138 4302 Lc
1150 4255 1245 4312 Quian,
1256 4271 1297 4318 op.
1310 4255 1366 4312 en,
1384 4260 1403 4304 t.
1419 4273 1447 4304 n.

320 4331 345 4377 iu
361 4331 426 4382 line.
443 4347 469 4393 p.
487 4345 542 4377 cxix
559 4346 599 4391 sq.
