<?xml version="1.0" encoding="UTF-8"?>
<!DOCTYPE html PUBLIC "-//W3C//DTD XHTML 1.0 Transitional//EN"
    "http://www.w3.org/TR/xhtml1/DTD/xhtml1-transitional.dtd">
<html xmlns="http://www.w3.org/1999/xhtml" xml:lang="en" lang="en">
 <head>
  <title>
</title>
<meta http-equiv="Content-Type" content="text/html;charset=utf-8" />
  <meta name='ocr-system' content='tesseract 3.04.00' />
  <meta name='ocr-capabilities' content='ocr_page ocr_carea ocr_par ocr_line ocrx_word'/>
</head>
<body>
  <div class='ocr_page' id='page_1' title='image "./praelectionesde00manygoog_0228.png"; bbox 0 0 3300 5056; ppageno 0'>
   <div class='ocr_carea' id='block_1_1' title="bbox 517 463 1323 548">
    <p class='ocr_par' dir='ltr' id='par_1_1' title="bbox 517 463 1323 548">
     <span class='ocr_line' id='line_1_1' title="bbox 517 463 1323 548; baseline -0.002 -30"><span class='ocrx_word' id='word_1_1' title='bbox 517 467 561 518; x_wconf 89' lang='lat' dir='ltr'>DE</span> <span class='ocrx_word' id='word_1_2' title='bbox 581 467 740 518; x_wconf 76' lang='lat' dir='ltr'>sumnum</span> <span class='ocrx_word' id='word_1_3' title='bbox 759 465 997 548; x_wconf 75' lang='lat' dir='ltr'>OltDlNA&#39;lloNlS¹</span> <span class='ocrx_word' id='word_1_4' title='bbox 1268 463 1323 516; x_wconf 73' lang='lat'>215</span> 
     </span>
    </p>
   </div>
   <div class='ocr_carea' id='block_1_2' title="bbox 179 609 1323 4127">
    <p class='ocr_par' dir='ltr' id='par_1_2' title="bbox 186 609 1323 3648">
     <span class='ocr_line' id='line_1_2' title="bbox 196 609 1322 700; baseline 0.001 -26"><span class='ocrx_word' id='word_1_5' title='bbox 196 609 280 698; x_wconf 93' lang='lat' dir='ltr'>quin</span> <span class='ocrx_word' id='word_1_6' title='bbox 303 619 417 677; x_wconf 87' lang='lat' dir='ltr'>tamen</span> <span class='ocrx_word' id='word_1_7' title='bbox 443 618 543 678; x_wconf 89' lang='lat' dir='ltr'>vocet</span> <span class='ocrx_word' id='word_1_8' title='bbox 568 611 612 678; x_wconf 81' lang='lat' dir='ltr'>ad</span> <span class='ocrx_word' id='word_1_9' title='bbox 637 619 766 677; x_wconf 89' lang='lat' dir='ltr'>statum</span> <span class='ocrx_word' id='word_1_10' title='bbox 790 611 1004 678; x_wconf 82' lang='lat' dir='ltr'>clericalem:</span> <span class='ocrx_word' id='word_1_11' title='bbox 1026 613 1118 700; x_wconf 91' lang='lat' dir='ltr'>quod</span> <span class='ocrx_word' id='word_1_12' title='bbox 1140 611 1225 676; x_wconf 87' lang='lat' dir='ltr'>scite</span> <span class='ocrx_word' id='word_1_13' title='bbox 1249 611 1322 676; x_wconf 86' lang='lat' dir='ltr'>ani-</span> 
     </span>
     <span class='ocr_line' id='line_1_3' title="bbox 196 724 1323 816; baseline -0.002 -25"><span class='ocrx_word' id='word_1_14' title='bbox 196 725 379 791; x_wconf 79' lang='lat' dir='ltr'>maduertit</span> <span class='ocrx_word' id='word_1_15' title='bbox 402 726 551 794; x_wconf 85' lang='lat' dir='ltr'>Suarez:</span> <span class='ocrx_word' id='word_1_16' title='bbox 580 754 596 787; x_wconf 81' lang='lat' dir='ltr'>o</span> <span class='ocrx_word' id='word_1_17' title='bbox 618 725 714 815; x_wconf 80' lang='lat' dir='ltr'>Saepe</span> <span class='ocrx_word' id='word_1_18' title='bbox 737 727 885 816; x_wconf 86' lang='lat' dir='ltr'><strong>Spiritus</strong></span> <span class='ocrx_word' id='word_1_19' title='bbox 908 727 1055 793; x_wconf 88' lang='lat' dir='ltr'>Sanctus</span> <span class='ocrx_word' id='word_1_20' title='bbox 1083 724 1212 814; x_wconf 80' lang='lat' dir='ltr'>praebet</span> <span class='ocrx_word' id='word_1_21' title='bbox 1235 724 1323 790; x_wconf 89' lang='lat' dir='ltr'>desi-</span> 
     </span>
     <span class='ocr_line' id='line_1_4' title="bbox 194 840 1322 929; baseline 0.001 -25"><span class='ocrx_word' id='word_1_22' title='bbox 194 840 329 906; x_wconf 89' lang='lat' dir='ltr'>derium</span> <span class='ocrx_word' id='word_1_23' title='bbox 358 840 502 928; x_wconf 86' lang='lat' dir='ltr'>alicujus</span> <span class='ocrx_word' id='word_1_24' title='bbox 529 841 594 924; x_wconf 90' lang='lat' dir='ltr'>rei,</span> <span class='ocrx_word' id='word_1_25' title='bbox 625 841 723 929; x_wconf 89' lang='lat' dir='ltr'>cujus</span> <span class='ocrx_word' id='word_1_26' title='bbox 751 842 988 907; x_wconf 81' lang='lat' dir='ltr'>executionem</span> <span class='ocrx_word' id='word_1_27' title='bbox 1016 863 1087 905; x_wconf 92' lang='lat' dir='ltr'>non</span> <span class='ocrx_word' id='word_1_28' title='bbox 1113 840 1202 922; x_wconf 86' lang='lat' dir='ltr'>vult,</span> <span class='ocrx_word' id='word_1_29' title='bbox 1232 840 1322 905; x_wconf 86' lang='lat' dir='ltr'>sicut</span> 
     </span>
     <span class='ocr_line' id='line_1_5' title="bbox 193 952 1322 1043; baseline 0 -25"><span class='ocrx_word' id='word_1_30' title='bbox 193 952 340 1041; x_wconf 80' lang='lat' dir='ltr'>praebuit</span> <span class='ocrx_word' id='word_1_31' title='bbox 363 955 488 1020; x_wconf 87' lang='lat' dir='ltr'>Davidi</span> <span class='ocrx_word' id='word_1_32' title='bbox 510 955 724 1022; x_wconf 86' lang='lat' dir='ltr'>voluntatem</span> <span class='ocrx_word' id='word_1_33' title='bbox 746 955 935 1020; x_wconf 77' lang='lat' dir='ltr'>aedificandi</span> <span class='ocrx_word' id='word_1_34' title='bbox 958 955 1125 1043; x_wconf 89' lang='lat' dir='ltr'>templum</span> <span class='ocrx_word' id='word_1_35' title='bbox 1151 962 1185 1018; x_wconf 93' lang='lat' dir='ltr'>et</span> <span class='ocrx_word' id='word_1_36' title='bbox 1211 953 1322 1020; x_wconf 86' lang='lat' dir='ltr'>Abra-</span> 
     </span>
     <span class='ocr_line' id='line_1_6' title="bbox 195 1068 1322 1157; baseline 0 -25"><span class='ocrx_word' id='word_1_37' title='bbox 195 1068 297 1133; x_wconf 88' lang='lat' dir='ltr'>hamo</span> <span class='ocrx_word' id='word_1_38' title='bbox 315 1069 528 1135; x_wconf 84' lang='lat' dir='ltr'>voluntatem</span> <span class='ocrx_word' id='word_1_39' title='bbox 544 1069 756 1135; x_wconf 89' lang='lat' dir='ltr'>sacrificandi</span> <span class='ocrx_word' id='word_1_40' title='bbox 770 1070 895 1152; x_wconf 89' lang='lat' dir='ltr'>filium,</span> <span class='ocrx_word' id='word_1_41' title='bbox 912 1093 932 1135; x_wconf 87' lang='lat' dir='ltr'>a</span> <span class='ocrx_word' id='word_1_42' title='bbox 947 1069 1071 1157; x_wconf 85' lang='lat' dir='ltr'>quibus</span> <span class='ocrx_word' id='word_1_43' title='bbox 1086 1068 1322 1134; x_wconf 81' lang='lat' dir='ltr'>executionem</span> 
     </span>
     <span class='ocr_line' id='line_1_7' title="bbox 193 1183 1322 1272; baseline 0.002 -26"><span class='ocrx_word' id='word_1_44' title='bbox 193 1205 264 1246; x_wconf 90' lang='lat' dir='ltr'>non</span> <span class='ocrx_word' id='word_1_45' title='bbox 288 1185 499 1272; x_wconf 71' lang='lat' dir='ltr'>acceptavit,</span> <span class='ocrx_word' id='word_1_46' title='bbox 523 1185 680 1250; x_wconf 89' lang='lat' dir='ltr'>immittit</span> <span class='ocrx_word' id='word_1_47' title='bbox 704 1185 795 1250; x_wconf 91' lang='lat' dir='ltr'>enim</span> <span class='ocrx_word' id='word_1_48' title='bbox 818 1184 989 1249; x_wconf 92' lang='lat' dir='ltr'>interdum</span> <span class='ocrx_word' id='word_1_49' title='bbox 1009 1183 1156 1272; x_wconf 79' lang='lat' dir='ltr'>Spiritus</span> <span class='ocrx_word' id='word_1_50' title='bbox 1175 1183 1322 1250; x_wconf 90' lang='lat' dir='ltr'>Sanctus</span> 
     </span>
     <span class='ocr_line' id='line_1_8' title="bbox 195 1296 1321 1387; baseline 0.001 -26"><span class='ocrx_word' id='word_1_51' title='bbox 195 1297 263 1361; x_wconf 88' lang='lat' dir='ltr'>tale</span> <span class='ocrx_word' id='word_1_52' title='bbox 278 1296 485 1362; x_wconf 88' lang='lat' dir='ltr'>desiderium</span> <span class='ocrx_word' id='word_1_53' title='bbox 499 1305 638 1387; x_wconf 87' lang='lat' dir='ltr'>propter</span> <span class='ocrx_word' id='word_1_54' title='bbox 651 1298 780 1364; x_wconf 90' lang='lat' dir='ltr'>bonum</span> <span class='ocrx_word' id='word_1_55' title='bbox 794 1305 829 1364; x_wconf 91' lang='lat' dir='ltr'>et</span> <span class='ocrx_word' id='word_1_56' title='bbox 843 1299 1003 1364; x_wconf 90' lang='lat' dir='ltr'>meritum</span> <span class='ocrx_word' id='word_1_57' title='bbox 1021 1297 1147 1386; x_wconf 72' lang='lat' dir='ltr'>ipsius,</span> <span class='ocrx_word' id='word_1_58' title='bbox 1165 1297 1321 1386; x_wconf 72' lang='lat' dir='ltr'>quamtis</span> 
     </span>
     <span class='ocr_line' id='line_1_9' title="bbox 192 1395 1320 1501; baseline 0 -26"><span class='ocrx_word' id='word_1_59' title='bbox 192 1410 237 1474; x_wconf 92' lang='lat' dir='ltr'>ad</span> <span class='ocrx_word' id='word_1_60' title='bbox 262 1412 499 1476; x_wconf 75' lang='lat' dir='ltr'>executionem</span> <span class='ocrx_word' id='word_1_61' title='bbox 522 1395 767 1501; x_wconf 86' lang='lat' dir='ltr'>perventurum</span> <span class='ocrx_word' id='word_1_62' title='bbox 790 1435 859 1478; x_wconf 95' lang='lat' dir='ltr'>non</span> <span class='ocrx_word' id='word_1_63' title='bbox 883 1413 944 1496; x_wconf 87' lang='lat' dir='ltr'>sit,</span> <span class='ocrx_word' id='word_1_64' title='bbox 970 1418 1029 1477; x_wconf 89' lang='lat' dir='ltr'>aut</span> <span class='ocrx_word' id='word_1_65' title='bbox 1052 1412 1228 1501; x_wconf 85' lang='lat' dir='ltr'>pervenire</span> <span class='ocrx_word' id='word_1_66' title='bbox 1251 1433 1320 1476; x_wconf 91' lang='lat' dir='ltr'>non</span> 
     </span>
     <span class='ocr_line' id='line_1_10' title="bbox 192 1525 1321 1615; baseline 0 -25"><span class='ocrx_word' id='word_1_67' title='bbox 192 1525 391 1613; x_wconf 40' lang='lat' dir='ltr'>expediat&amp;</span> <span class='ocrx_word' id='word_1_68' title='bbox 413 1554 429 1588; x_wconf 89' lang='lat'>»</span> <span class='ocrx_word' id='word_1_69' title='bbox 449 1527 541 1615; x_wconf 94' lang='lat' dir='ltr'>quod</span> <span class='ocrx_word' id='word_1_70' title='bbox 565 1527 669 1593; x_wconf 88' lang='lat' dir='ltr'>etiam</span> <span class='ocrx_word' id='word_1_71' title='bbox 688 1527 880 1593; x_wconf 74' lang='lat' dir='ltr'>luculenter</span> <span class='ocrx_word' id='word_1_72' title='bbox 898 1527 1076 1592; x_wconf 86' lang='lat' dir='ltr'>confirmat</span> <span class='ocrx_word' id='word_1_73' title='bbox 1093 1527 1164 1591; x_wconf 89' lang='lat' dir='ltr'>vita</span> <span class='ocrx_word' id='word_1_74' title='bbox 1185 1533 1321 1591; x_wconf 88' lang='lat' dir='ltr'>sancto-</span> 
     </span>
     <span class='ocr_line' id='line_1_11' title="bbox 191 1640 1320 1726; baseline 0.001 -24"><span class='ocrx_word' id='word_1_75' title='bbox 191 1661 284 1704; x_wconf 89' lang='lat' dir='ltr'>rum.</span> <span class='ocrx_word' id='word_1_76' title='bbox 307 1641 491 1723; x_wconf 90' lang='lat' dir='ltr'>-Unde,</span> <span class='ocrx_word' id='word_1_77' title='bbox 520 1647 559 1707; x_wconf 92' lang='lat' dir='ltr'>ut</span> <span class='ocrx_word' id='word_1_78' title='bbox 586 1641 762 1707; x_wconf 83' lang='lat' dir='ltr'>inclinatio</span> <span class='ocrx_word' id='word_1_79' title='bbox 791 1642 836 1706; x_wconf 91' lang='lat' dir='ltr'>sit</span> <span class='ocrx_word' id='word_1_80' title='bbox 866 1651 997 1706; x_wconf 85' lang='lat' dir='ltr'>certum</span> <span class='ocrx_word' id='word_1_81' title='bbox 1026 1642 1166 1726; x_wconf 68' lang='lat' dir='ltr'>signum</span> <span class='ocrx_word' id='word_1_82' title='bbox 1195 1640 1320 1704; x_wconf 72' lang='lat' dir='ltr'>divine</span> 
     </span>
     <span class='ocr_line' id='line_1_12' title="bbox 191 1753 1322 1844; baseline -0.001 -27"><span class='ocrx_word' id='word_1_83' title='bbox 191 1753 399 1836; x_wconf 79' lang='lat' dir='ltr'>vocationis,</span> <span class='ocrx_word' id='word_1_84' title='bbox 430 1755 612 1844; x_wconf 85' lang='lat' dir='ltr'>requiritur</span> <span class='ocrx_word' id='word_1_85' title='bbox 641 1762 681 1820; x_wconf 91' lang='lat' dir='ltr'>ut</span> <span class='ocrx_word' id='word_1_86' title='bbox 711 1757 756 1820; x_wconf 86' lang='lat' dir='ltr'>sit</span> <span class='ocrx_word' id='word_1_87' title='bbox 785 1757 951 1820; x_wconf 85' lang='lat' dir='ltr'>diuturna</span> <span class='ocrx_word' id='word_1_88' title='bbox 958 1775 973 1839; x_wconf 90' lang='lat'><em>;</em></span> <span class='ocrx_word' id='word_1_89' title='bbox 1002 1762 1084 1820; x_wconf 89' lang='lat' dir='ltr'>tunc</span> <span class='ocrx_word' id='word_1_90' title='bbox 1117 1755 1209 1819; x_wconf 91' lang='lat' dir='ltr'>enim</span> <span class='ocrx_word' id='word_1_91' title='bbox 1241 1753 1322 1817; x_wconf 93' lang='lat' dir='ltr'>oriri</span> 
     </span>
     <span class='ocr_line' id='line_1_13' title="bbox 191 1867 1320 1958; baseline 0.001 -27"><span class='ocrx_word' id='word_1_92' title='bbox 191 1868 312 1954; x_wconf 93' lang='lat' dir='ltr'>nequit</span> <span class='ocrx_word' id='word_1_93' title='bbox 332 1891 352 1932; x_wconf 91' lang='lat' dir='ltr'>a</span> <span class='ocrx_word' id='word_1_94' title='bbox 371 1879 512 1954; x_wconf 86' lang='lat' dir='ltr'>natura,</span> <span class='ocrx_word' id='word_1_95' title='bbox 529 1893 616 1958; x_wconf 79' lang='lat' dir='ltr'>quoe,</span> <span class='ocrx_word' id='word_1_96' title='bbox 633 1871 669 1934; x_wconf 91' lang='lat' dir='ltr'>in</span> <span class='ocrx_word' id='word_1_97' title='bbox 689 1871 743 1934; x_wconf 89' lang='lat' dir='ltr'>his</span> <span class='ocrx_word' id='word_1_98' title='bbox 762 1871 890 1935; x_wconf 90' lang='lat' dir='ltr'>sanctis</span> <span class='ocrx_word' id='word_1_99' title='bbox 909 1868 1204 1950; x_wconf 78' lang='lat' dir='ltr'>inclinationibus,</span> <span class='ocrx_word' id='word_1_100' title='bbox 1222 1867 1320 1934; x_wconf 80' lang='lat' dir='ltr'>facile</span> 
     </span>
     <span class='ocr_line' id='line_1_14' title="bbox 190 1980 1320 2072; baseline 0.002 -28"><span class='ocrx_word' id='word_1_101' title='bbox 190 1980 366 2047; x_wconf 87' lang='lat' dir='ltr'>variabilis</span> <span class='ocrx_word' id='word_1_102' title='bbox 391 1991 442 2049; x_wconf 87' lang='lat' dir='ltr'>est</span> <span class='ocrx_word' id='word_1_103' title='bbox 469 1990 504 2048; x_wconf 87' lang='lat' dir='ltr'>et</span> <span class='ocrx_word' id='word_1_104' title='bbox 530 1983 683 2070; x_wconf 87' lang='lat' dir='ltr'>mobilis,</span> <span class='ocrx_word' id='word_1_105' title='bbox 708 2007 771 2050; x_wconf 90' lang='lat' dir='ltr'>nec</span> <span class='ocrx_word' id='word_1_106' title='bbox 797 2009 817 2050; x_wconf 91' lang='lat' dir='ltr'>a</span> <span class='ocrx_word' id='word_1_107' title='bbox 840 1987 1004 2068; x_wconf 77' lang='lat' dir='ltr'>damone,</span> <span class='ocrx_word' id='word_1_108' title='bbox 1031 1985 1090 2072; x_wconf 93' lang='lat' dir='ltr'>qui</span> <span class='ocrx_word' id='word_1_109' title='bbox 1113 2007 1183 2050; x_wconf 89' lang='lat' dir='ltr'>non</span> <span class='ocrx_word' id='word_1_110' title='bbox 1206 1989 1320 2070; x_wconf 87' lang='lat' dir='ltr'>potest</span> 
     </span>
     <span class='ocr_line' id='line_1_15' title="bbox 191 2095 1318 2187; baseline 0.001 -28"><span class='ocrx_word' id='word_1_111' title='bbox 191 2118 268 2160; x_wconf 91' lang='lat' dir='ltr'>esse</span> <span class='ocrx_word' id='word_1_112' title='bbox 287 2095 346 2160; x_wconf 93' lang='lat' dir='ltr'>diu</span> <span class='ocrx_word' id='word_1_113' title='bbox 365 2095 429 2161; x_wconf 91' lang='lat' dir='ltr'>sibi</span> <span class='ocrx_word' id='word_1_114' title='bbox 449 2099 641 2186; x_wconf 86' lang='lat' dir='ltr'>oppositus,</span> <span class='ocrx_word' id='word_1_115' title='bbox 664 2099 724 2165; x_wconf 91' lang='lat' dir='ltr'>sed</span> <span class='ocrx_word' id='word_1_116' title='bbox 747 2123 767 2164; x_wconf 91' lang='lat' dir='ltr'>a</span> <span class='ocrx_word' id='word_1_117' title='bbox 787 2099 859 2164; x_wconf 93' lang='lat' dir='ltr'>solo</span> <span class='ocrx_word' id='word_1_118' title='bbox 880 2100 964 2184; x_wconf 86' lang='lat' dir='ltr'>Dec,</span> <span class='ocrx_word' id='word_1_119' title='bbox 988 2106 1022 2163; x_wconf 91' lang='lat' dir='ltr'>et</span> <span class='ocrx_word' id='word_1_120' title='bbox 1044 2099 1183 2187; x_wconf 91' lang='lat' dir='ltr'>quidem</span> <span class='ocrx_word' id='word_1_121' title='bbox 1207 2121 1226 2163; x_wconf 87' lang='lat' dir='ltr'>a</span> <span class='ocrx_word' id='word_1_122' title='bbox 1246 2097 1318 2162; x_wconf 89' lang='lat' dir='ltr'>Deo</span> 
     </span>
     <span class='ocr_line' id='line_1_16' title="bbox 189 2211 1319 2302; baseline 0.003 -29"><span class='ocrx_word' id='word_1_123' title='bbox 189 2232 270 2274; x_wconf 85' lang='lat' dir='ltr'>vere</span> <span class='ocrx_word' id='word_1_124' title='bbox 284 2219 430 2276; x_wconf 89' lang='lat' dir='ltr'>vocante</span> <span class='ocrx_word' id='word_1_125' title='bbox 445 2213 487 2276; x_wconf 87' lang='lat' dir='ltr'>ad</span> <span class='ocrx_word' id='word_1_126' title='bbox 502 2220 630 2278; x_wconf 90' lang='lat' dir='ltr'>statum</span> <span class='ocrx_word' id='word_1_127' title='bbox 645 2213 855 2296; x_wconf 80' lang='lat' dir='ltr'>clericalem3</span> <span class='ocrx_word' id='word_1_128' title='bbox 877 2236 1069 2302; x_wconf 87' lang='lat' dir='ltr'>repugnare</span> <span class='ocrx_word' id='word_1_129' title='bbox 1080 2213 1172 2279; x_wconf 90' lang='lat' dir='ltr'>enim</span> <span class='ocrx_word' id='word_1_130' title='bbox 1185 2211 1319 2278; x_wconf 89' lang='lat' dir='ltr'>videtur</span> 
     </span>
     <span class='ocr_line' id='line_1_17' title="bbox 190 2323 1319 2417; baseline 0.003 -30"><span class='ocrx_word' id='word_1_131' title='bbox 190 2323 338 2389; x_wconf 86' lang='lat' dir='ltr'>bonitati</span> <span class='ocrx_word' id='word_1_132' title='bbox 356 2333 390 2390; x_wconf 92' lang='lat' dir='ltr'>et</span> <span class='ocrx_word' id='word_1_133' title='bbox 413 2327 588 2415; x_wconf 81' lang='lat' dir='ltr'>sapientiae</span> <span class='ocrx_word' id='word_1_134' title='bbox 608 2329 672 2392; x_wconf 92' lang='lat' dir='ltr'>Dei</span> <span class='ocrx_word' id='word_1_135' title='bbox 690 2335 729 2394; x_wconf 91' lang='lat' dir='ltr'>ut</span> <span class='ocrx_word' id='word_1_136' title='bbox 748 2329 807 2394; x_wconf 94' lang='lat' dir='ltr'>diu</span> <span class='ocrx_word' id='word_1_137' title='bbox 824 2335 924 2394; x_wconf 88' lang='lat' dir='ltr'>vocet</span> <span class='ocrx_word' id='word_1_138' title='bbox 942 2329 1107 2417; x_wconf 82' lang='lat' dir='ltr'>aliquem,</span> <span class='ocrx_word' id='word_1_139' title='bbox 1129 2327 1211 2415; x_wconf 91' lang='lat' dir='ltr'>quin</span> <span class='ocrx_word' id='word_1_140' title='bbox 1234 2326 1319 2390; x_wconf 89' lang='lat' dir='ltr'>velit</span> 
     </span>
     <span class='ocr_line' id='line_1_18' title="bbox 189 2438 1313 2531; baseline 0.004 -30"><span class='ocrx_word' id='word_1_141' title='bbox 189 2461 270 2502; x_wconf 89' lang='lat' dir='ltr'>eum</span> <span class='ocrx_word' id='word_1_142' title='bbox 288 2438 370 2504; x_wconf 89' lang='lat' dir='ltr'>illuc</span> <span class='ocrx_word' id='word_1_143' title='bbox 393 2441 587 2528; x_wconf 86' lang='lat' dir='ltr'>pervenire,</span> <span class='ocrx_word' id='word_1_144' title='bbox 610 2465 678 2531; x_wconf 91' lang='lat' dir='ltr'>quo</span> <span class='ocrx_word' id='word_1_145' title='bbox 701 2449 801 2507; x_wconf 88' lang='lat' dir='ltr'>vocat</span> <span class='ocrx_word' id='word_1_146' title='bbox 823 2443 934 2507; x_wconf 90' lang='lat' dir='ltr'>illum.</span> <span class='ocrx_word' id='word_1_147' title='bbox 957 2440 1216 2507; x_wconf 91' lang='lat' dir='ltr'>-Notandum</span> <span class='ocrx_word' id='word_1_148' title='bbox 1235 2447 1313 2506; x_wconf 89' lang='lat' dir='ltr'>est:</span> 
     </span>
     <span class='ocr_line' id='line_1_19' title="bbox 191 2552 1318 2623; baseline 0.002 -7"><span class='ocrx_word' id='word_1_149' title='bbox 191 2552 223 2616; x_wconf 90' lang='lat' dir='ltr'>l.</span> <span class='ocrx_word' id='word_1_150' title='bbox 245 2553 418 2618; x_wconf 89' lang='lat' dir='ltr'>Judicium</span> <span class='ocrx_word' id='word_1_151' title='bbox 439 2555 482 2620; x_wconf 91' lang='lat' dir='ltr'>de</span> <span class='ocrx_word' id='word_1_152' title='bbox 506 2556 690 2622; x_wconf 87' lang='lat' dir='ltr'>sufficienti</span> <span class='ocrx_word' id='word_1_153' title='bbox 713 2557 944 2622; x_wconf 84' lang='lat' dir='ltr'>inclinationis</span> <span class='ocrx_word' id='word_1_154' title='bbox 968 2557 1193 2623; x_wconf 81' lang='lat' dir='ltr'>diuturnitate</span> <span class='ocrx_word' id='word_1_155' title='bbox 1215 2555 1318 2618; x_wconf 92' lang='lat' dir='ltr'>relin-</span> 
     </span>
     <span class='ocr_line' id='line_1_20' title="bbox 189 2667 1315 2760; baseline 0.002 -30"><span class='ocrx_word' id='word_1_156' title='bbox 189 2667 249 2753; x_wconf 91' lang='lat' dir='ltr'>qui</span> <span class='ocrx_word' id='word_1_157' title='bbox 280 2668 441 2755; x_wconf 88' lang='lat' dir='ltr'>prudenti</span> <span class='ocrx_word' id='word_1_158' title='bbox 474 2671 693 2736; x_wconf 85' lang='lat' dir='ltr'>aestimationi</span> <span class='ocrx_word' id='word_1_159' title='bbox 730 2671 941 2752; x_wconf 80' lang='lat' dir='ltr'>confessarii,</span> <span class='ocrx_word' id='word_1_160' title='bbox 977 2670 1036 2760; x_wconf 93' lang='lat' dir='ltr'>qui</span> <span class='ocrx_word' id='word_1_161' title='bbox 1068 2677 1203 2758; x_wconf 88' lang='lat' dir='ltr'>tempus</span> <span class='ocrx_word' id='word_1_162' title='bbox 1236 2668 1315 2756; x_wconf 89' lang='lat' dir='ltr'>plus</span> 
     </span>
     <span class='ocr_line' id='line_1_21' title="bbox 189 2781 1317 2874; baseline 0.001 -29"><span class='ocrx_word' id='word_1_163' title='bbox 189 2781 347 2846; x_wconf 87' lang='lat' dir='ltr'>minusve</span> <span class='ocrx_word' id='word_1_164' title='bbox 366 2782 507 2870; x_wconf 80' lang='lat' dir='ltr'>longum</span> <span class='ocrx_word' id='word_1_165' title='bbox 526 2785 691 2874; x_wconf 86' lang='lat' dir='ltr'>requiret,</span> <span class='ocrx_word' id='word_1_166' title='bbox 712 2793 815 2874; x_wconf 86' lang='lat' dir='ltr'>prout</span> <span class='ocrx_word' id='word_1_167' title='bbox 834 2786 909 2874; x_wconf 90' lang='lat' dir='ltr'>ipsa</span> <span class='ocrx_word' id='word_1_168' title='bbox 926 2785 1103 2850; x_wconf 85' lang='lat' dir='ltr'>inclinatio</span> <span class='ocrx_word' id='word_1_169' title='bbox 1122 2783 1235 2847; x_wconf 88' lang='lat' dir='ltr'>minus</span> <span class='ocrx_word' id='word_1_170' title='bbox 1253 2781 1317 2846; x_wconf 89' lang='lat' dir='ltr'>erit</span> 
     </span>
     <span class='ocr_line' id='line_1_22' title="bbox 189 2894 1316 2986; baseline 0.002 -28"><span class='ocrx_word' id='word_1_171' title='bbox 189 2894 343 2981; x_wconf 80' lang='lat' dir='ltr'>magisve</span> <span class='ocrx_word' id='word_1_172' title='bbox 362 2896 492 2980; x_wconf 87' lang='lat' dir='ltr'>vivida,</span> <span class='ocrx_word' id='word_1_173' title='bbox 514 2904 549 2962; x_wconf 89' lang='lat' dir='ltr'>et</span> <span class='ocrx_word' id='word_1_174' title='bbox 572 2905 683 2964; x_wconf 87' lang='lat' dir='ltr'>cetera</span> <span class='ocrx_word' id='word_1_175' title='bbox 701 2899 890 2964; x_wconf 85' lang='lat' dir='ltr'>vocationis</span> <span class='ocrx_word' id='word_1_176' title='bbox 914 2899 1011 2986; x_wconf 87' lang='lat' dir='ltr'>signa</span> <span class='ocrx_word' id='word_1_177' title='bbox 1030 2897 1144 2962; x_wconf 86' lang='lat' dir='ltr'>minus</span> <span class='ocrx_word' id='word_1_178' title='bbox 1163 2896 1316 2983; x_wconf 80' lang='lat' dir='ltr'>magisve</span> 
     </span>
     <span class='ocr_line' id='line_1_23' title="bbox 188 3009 1316 3100; baseline 0 -27"><span class='ocrx_word' id='word_1_179' title='bbox 188 3009 280 3074; x_wconf 86' lang='lat' dir='ltr'>clara</span> <span class='ocrx_word' id='word_1_180' title='bbox 307 3015 341 3073; x_wconf 90' lang='lat' dir='ltr'>et</span> <span class='ocrx_word' id='word_1_181' title='bbox 366 3009 481 3093; x_wconf 81' lang='lat' dir='ltr'>firma3</span> <span class='ocrx_word' id='word_1_182' title='bbox 507 3049 553 3060; x_wconf 86' lang='lat'>-</span> <span class='ocrx_word' id='word_1_183' title='bbox 574 3011 608 3077; x_wconf 85' lang='lat'>2.</span> <span class='ocrx_word' id='word_1_184' title='bbox 633 3012 830 3100; x_wconf 85' lang='lat' dir='ltr'>Aliquando</span> <span class='ocrx_word' id='word_1_185' title='bbox 852 3012 1111 3078; x_wconf 87' lang='lat' dir='ltr'>inclinationem</span> <span class='ocrx_word' id='word_1_186' title='bbox 1135 3009 1316 3075; x_wconf 83' lang='lat' dir='ltr'>intermitti</span> 
     </span>
     <span class='ocr_line' id='line_1_24' title="bbox 187 3122 1315 3213; baseline 0.003 -28"><span class='ocrx_word' id='word_1_187' title='bbox 187 3143 250 3186; x_wconf 89' lang='lat' dir='ltr'>seu</span> <span class='ocrx_word' id='word_1_188' title='bbox 268 3122 483 3213; x_wconf 86' lang='lat' dir='ltr'>interrumpi,</span> <span class='ocrx_word' id='word_1_189' title='bbox 499 3125 582 3190; x_wconf 90' lang='lat' dir='ltr'>dum</span> <span class='ocrx_word' id='word_1_190' title='bbox 601 3148 723 3213; x_wconf 87' lang='lat' dir='ltr'>nempe</span> <span class='ocrx_word' id='word_1_191' title='bbox 742 3127 901 3192; x_wconf 89' lang='lat' dir='ltr'>alumnus</span> <span class='ocrx_word' id='word_1_192' title='bbox 920 3147 1010 3190; x_wconf 91' lang='lat' dir='ltr'>nunc</span> <span class='ocrx_word' id='word_1_193' title='bbox 1030 3131 1158 3190; x_wconf 88' lang='lat' dir='ltr'>statum</span> <span class='ocrx_word' id='word_1_194' title='bbox 1177 3123 1315 3188; x_wconf 84' lang='lat' dir='ltr'>clerica·</span> 
     </span>
     <span class='ocr_line' id='line_1_25' title="bbox 186 3235 1314 3328; baseline 0.004 -30"><span class='ocrx_word' id='word_1_195' title='bbox 186 3235 257 3300; x_wconf 89' lang='lat' dir='ltr'>lem</span> <span class='ocrx_word' id='word_1_196' title='bbox 275 3237 423 3324; x_wconf 86' lang='lat' dir='ltr'>ingredi,</span> <span class='ocrx_word' id='word_1_197' title='bbox 446 3261 537 3304; x_wconf 90' lang='lat' dir='ltr'>nunc</span> <span class='ocrx_word' id='word_1_198' title='bbox 556 3240 592 3304; x_wconf 91' lang='lat' dir='ltr'>in</span> <span class='ocrx_word' id='word_1_199' title='bbox 610 3241 735 3305; x_wconf 75' lang='lat' dir='ltr'>saeculo</span> <span class='ocrx_word' id='word_1_200' title='bbox 755 3262 928 3306; x_wconf 87' lang='lat' dir='ltr'>remanere</span> <span class='ocrx_word' id='word_1_201' title='bbox 948 3239 1096 3328; x_wconf 87' lang='lat' dir='ltr'>appetit;</span> <span class='ocrx_word' id='word_1_202' title='bbox 1118 3237 1179 3303; x_wconf 87' lang='lat' dir='ltr'>has</span> <span class='ocrx_word' id='word_1_203' title='bbox 1198 3244 1314 3304; x_wconf 88' lang='lat' dir='ltr'>autem</span> 
     </span>
     <span class='ocr_line' id='line_1_26' title="bbox 186 3341 1315 3440; baseline 0.002 -28"><span class='ocrx_word' id='word_1_204' title='bbox 186 3347 458 3417; x_wconf 88' lang='lat' dir='ltr'>intermissiones</span> <span class='ocrx_word' id='word_1_205' title='bbox 477 3375 547 3417; x_wconf 90' lang='lat' dir='ltr'>non</span> <span class='ocrx_word' id='word_1_206' title='bbox 566 3341 641 3418; x_wconf 83' lang='lat' dir='ltr'>esse</span> <span class='ocrx_word' id='word_1_207' title='bbox 660 3352 896 3436; x_wconf 87' lang='lat' dir='ltr'>attendendas,</span> <span class='ocrx_word' id='word_1_208' title='bbox 914 3352 1014 3417; x_wconf 92' lang='lat' dir='ltr'>modo</span> <span class='ocrx_word' id='word_1_209' title='bbox 1030 3351 1168 3418; x_wconf 87' lang='lat' dir='ltr'>tandem</span> <span class='ocrx_word' id='word_1_210' title='bbox 1182 3374 1243 3440; x_wconf 88' lang='lat' dir='ltr'>per</span> <span class='ocrx_word' id='word_1_211' title='bbox 1260 3357 1315 3415; x_wconf 88' lang='lat' dir='ltr'>sat</span> 
     </span>
     <span class='ocr_line' id='line_1_27' title="bbox 186 3461 1312 3555; baseline 0.003 -29"><span class='ocrx_word' id='word_1_212' title='bbox 186 3461 330 3551; x_wconf 89' lang='lat' dir='ltr'>longum</span> <span class='ocrx_word' id='word_1_213' title='bbox 354 3472 508 3553; x_wconf 84' lang='lat' dir='ltr'>tempus,</span> <span class='ocrx_word' id='word_1_214' title='bbox 532 3467 664 3554; x_wconf 91' lang='lat' dir='ltr'>judicio</span> <span class='ocrx_word' id='word_1_215' title='bbox 687 3467 899 3548; x_wconf 79' lang='lat' dir='ltr'>confessarii,</span> <span class='ocrx_word' id='word_1_216' title='bbox 928 3467 1111 3555; x_wconf 84' lang='lat' dir='ltr'>praevaleat</span> <span class='ocrx_word' id='word_1_217' title='bbox 1136 3465 1312 3530; x_wconf 86' lang='lat' dir='ltr'>inclinatio</span> 
     </span>
     <span class='ocr_line' id='line_1_28' title="bbox 186 3577 600 3648; baseline 0.014 -8"><span class='ocrx_word' id='word_1_218' title='bbox 186 3577 230 3640; x_wconf 88' lang='lat' dir='ltr'>ad</span> <span class='ocrx_word' id='word_1_219' title='bbox 248 3583 378 3644; x_wconf 88' lang='lat' dir='ltr'>statum</span> <span class='ocrx_word' id='word_1_220' title='bbox 396 3581 600 3648; x_wconf 81' lang='lat' dir='ltr'>clericalem.</span> 
     </span>
    </p>

    <p class='ocr_par' dir='ltr' id='par_1_3' title="bbox 179 3691 1312 3896">
     <span class='ocr_line' id='line_1_29' title="bbox 231 3691 1312 3786; baseline 0 -29"><span class='ocrx_word' id='word_1_221' title='bbox 231 3691 265 3757; x_wconf 81' lang='lat'>3⁰</span> <span class='ocrx_word' id='word_1_222' title='bbox 299 3693 451 3760; x_wconf 87' lang='lat' dir='ltr'>Tertium</span> <span class='ocrx_word' id='word_1_223' title='bbox 480 3696 619 3781; x_wconf 68' lang='lat' dir='ltr'>signnm</span> <span class='ocrx_word' id='word_1_224' title='bbox 649 3698 845 3781; x_wconf 84' lang='lat' dir='ltr'>vocationis,</span> <span class='ocrx_word' id='word_1_225' title='bbox 876 3718 998 3786; x_wconf 89' lang='lat' dir='ltr'>nempe</span> <span class='ocrx_word' id='word_1_226' title='bbox 1029 3697 1143 3760; x_wconf 86' lang='lat' dir='ltr'>electio</span> <span class='ocrx_word' id='word_1_227' title='bbox 1171 3699 1264 3780; x_wconf 84' lang='lat' dir='ltr'>sacta</span> <span class='ocrx_word' id='word_1_228' title='bbox 1292 3717 1312 3756; x_wconf 88' lang='lat' dir='ltr'>a</span> 
     </span>
     <span class='ocr_line' id='line_1_30' title="bbox 179 3809 1250 3896; baseline 0.005 -27"><span class='ocrx_word' id='word_1_229' title='bbox 179 3813 321 3890; x_wconf 75' lang='lat' dir='ltr'>pastore</span> <span class='ocrx_word' id='word_1_230' title='bbox 338 3831 400 3872; x_wconf 88' lang='lat' dir='ltr'>seu</span> <span class='ocrx_word' id='word_1_231' title='bbox 417 3810 580 3896; x_wconf 77' lang='lat' dir='ltr'>episcopo.</span> <span class='ocrx_word' id='word_1_232' title='bbox 597 3811 707 3875; x_wconf 91' lang='lat' dir='ltr'>-De</span> <span class='ocrx_word' id='word_1_233' title='bbox 727 3811 789 3876; x_wconf 90' lang='lat' dir='ltr'>hac</span> <span class='ocrx_word' id='word_1_234' title='bbox 810 3811 975 3876; x_wconf 89' lang='lat' dir='ltr'>electione</span> <span class='ocrx_word' id='word_1_235' title='bbox 993 3811 1065 3875; x_wconf 87' lang='lat' dir='ltr'>haec</span> <span class='ocrx_word' id='word_1_236' title='bbox 1084 3809 1250 3874; x_wconf 89' lang='lat' dir='ltr'>dicenda:</span> 
     </span>
    </p>

    <p class='ocr_par' dir='ltr' id='par_1_4' title="bbox 184 3921 1310 4127">
     <span class='ocr_line' id='line_1_31' title="bbox 229 3921 1310 4013; baseline -0.002 -28"><span class='ocrx_word' id='word_1_237' title='bbox 229 3923 274 3986; x_wconf 83' lang='lat' dir='ltr'>A.</span> <span class='ocrx_word' id='word_1_238' title='bbox 296 3921 343 3988; x_wconf 86' lang='lat' dir='ltr'>Ut</span> <span class='ocrx_word' id='word_1_239' title='bbox 366 3923 566 3990; x_wconf 87' lang='lat' dir='ltr'>candidatus</span> <span class='ocrx_word' id='word_1_240' title='bbox 584 3924 737 4013; x_wconf 87' lang='lat' dir='ltr'>judicare</span> <span class='ocrx_word' id='word_1_241' title='bbox 761 3925 870 4013; x_wconf 91' lang='lat' dir='ltr'>possit</span> <span class='ocrx_word' id='word_1_242' title='bbox 894 3925 1016 3990; x_wconf 91' lang='lat' dir='ltr'>ultimo</span> <span class='ocrx_word' id='word_1_243' title='bbox 1043 3933 1077 3990; x_wconf 89' lang='lat' dir='ltr'>et</span> <span class='ocrx_word' id='word_1_244' title='bbox 1101 3923 1249 4012; x_wconf 88' lang='lat' dir='ltr'>practice</span> <span class='ocrx_word' id='word_1_245' title='bbox 1274 3943 1310 3984; x_wconf 89' lang='lat' dir='ltr'>se</span> 
     </span>
     <span class='ocr_line' id='line_1_32' title="bbox 184 4034 1310 4127; baseline -0.003 -27"><span class='ocrx_word' id='word_1_246' title='bbox 184 4057 259 4100; x_wconf 82' lang='lat' dir='ltr'>esse</span> <span class='ocrx_word' id='word_1_247' title='bbox 289 4035 333 4102; x_wconf 87' lang='lat' dir='ltr'>ad</span> <span class='ocrx_word' id='word_1_248' title='bbox 364 4043 492 4102; x_wconf 85' lang='lat' dir='ltr'>statum</span> <span class='ocrx_word' id='word_1_249' title='bbox 523 4038 713 4104; x_wconf 89' lang='lat' dir='ltr'>clericalem</span> <span class='ocrx_word' id='word_1_250' title='bbox 746 4046 922 4120; x_wconf 89' lang='lat' dir='ltr'>vocatum,</span> <span class='ocrx_word' id='word_1_251' title='bbox 955 4038 1139 4127; x_wconf 87' lang='lat' dir='ltr'>requiritur</span> <span class='ocrx_word' id='word_1_252' title='bbox 1172 4034 1310 4101; x_wconf 90' lang='lat' dir='ltr'>omnino</span> 
     </span>
    </p>
   </div>
   <div class='ocr_carea' id='block_1_3' title="bbox 216 4288 727 4354">
    <p class='ocr_par' dir='ltr' id='par_1_5' title="bbox 216 4288 727 4354">
     <span class='ocr_line' id='line_1_33' title="bbox 216 4288 727 4354; baseline 0 -16"><span class='ocrx_word' id='word_1_253' title='bbox 216 4289 224 4320; x_wconf 84' lang='lat'><strong>¹</strong></span> <span class='ocrx_word' id='word_1_254' title='bbox 243 4288 282 4338; x_wconf 78' lang='lat' dir='ltr'>De</span> <span class='ocrx_word' id='word_1_255' title='bbox 295 4288 439 4354; x_wconf 73' lang='lat' dir='ltr'>retiqtone,</span> <span class='ocrx_word' id='word_1_256' title='bbox 457 4289 533 4348; x_wconf 69' lang='lat' dir='ltr'>ibid„</span> <span class='ocrx_word' id='word_1_257' title='bbox 546 4305 572 4338; x_wconf 92' lang='lat' dir='ltr'>o.</span> <span class='ocrx_word' id='word_1_258' title='bbox 589 4294 612 4350; x_wconf 79' lang='lat' dir='ltr'>t,</span> <span class='ocrx_word' id='word_1_259' title='bbox 630 4307 656 4354; x_wconf 86' lang='lat' dir='ltr'>p.</span> <span class='ocrx_word' id='word_1_260' title='bbox 672 4295 727 4339; x_wconf 76' lang='lat'><strong>331.</strong></span> 
     </span>
    </p>
   </div>
   <div class='ocr_carea' id='block_1_4' title="bbox 0 0 1654 5056">
    <p class='ocr_par' dir='ltr' id='par_1_6' title="bbox 0 0 1654 5056">
     <span class='ocr_line' id='line_1_34' title="bbox 0 0 1654 5056; baseline 0 5"><span class='ocrx_word' id='word_1_261' title='bbox 0 0 1654 5056; x_wconf 95' lang='lat' dir='ltr'> </span> 
     </span>
    </p>
   </div>
  </div>
 </body>
</html>
