3300 5056
503 499 547 548 DE
567 496 727 549 SUBJECTO
747 495 983 547 ORDINATIONIS
1252 497 1305 551 225

174 639 287 705 adbuc
316 641 431 726 infans
459 639 593 723 dicitur,
622 661 665 704 ex
689 661 754 704 usu
782 640 970 721 communi,
1002 647 1039 706 ut
1062 640 1135 728 jam
1164 642 1305 708 notabat

175 754 300 820 Glossa
319 755 354 820 in
373 754 504 820 dictum
523 778 597 843 cap.
621 753 766 836 Nullus,
788 761 825 817 ιιο
843 755 1005 840 Infanti:
1028 782 1043 816 ιι
1065 756 1216 842 Infanti,
1239 759 1304 824 sci-

174 868 257 934 licet
281 870 406 934 minori
429 877 556 955 septem
579 869 701 951 annis;
723 869 881 956 septenni
904 891 986 954 ergo
1013 876 1127 956 potest
1151 871 1303 938 conferre

176 987 393 1065 tonsuram¹;
426 1011 442 1044 ιι
468 1021 514 1033 -
540 982 571 1048 3.
604 982 727 1049 Utrum
759 987 875 1046 autem
908 981 1054 1048 sufficiat
1087 987 1303 1071 septennium

176 1097 389 1180 inchoatum,
411 1096 467 1162 vel
491 1096 683 1185 requiratur
705 1095 926 1180 completum,
949 1094 1164 1184 aliquatenus
1188 1099 1303 1188 dispu-

174 1211 241 1275 tari
263 1211 377 1276 forsan
401 1217 533 1298 posset,
560 1232 640 1275 uam
666 1209 791 1274 desunt
814 1216 929 1274 textus
955 1210 1124 1292 canonici,
1146 1213 1205 1300 qui
1231 1237 1302 1280 rem

176 1323 378 1406 definiant23
405 1348 523 1390 verum
547 1348 625 1390 eum
649 1323 843 1389 Bonifacius
861 1322 959 1406 Vlll,
981 1323 1017 1388 in
1041 1323 1098 1390 cit.
1121 1347 1194 1415 cap.
1214 1328 1303 1394 Nut-
1378 1354 1381 1368 ·

177 1439 246 1522 tus,
274 1437 466 1504 adhibuerit
489 1437 695 1504 vocabulum
722 1439 853 1523 insane,
881 1438 978 1525 eujus
1001 1437 1204 1526 significatio
1226 1440 1303 1528 jure

176 1574 317 1616 romano
356 1559 437 1617 tunc
467 1552 606 1639 vigente
638 1551 777 1616 omnino
810 1551 1035 1617 determinata
1062 1560 1151 1634 erat,
1185 1555 1304 1642 procul

176 1664 297 1748 dubio,
319 1666 420 1754 juxta
443 1673 524 1731 nota
547 1665 730 1754 principia,
759 1664 994 1751 interpretatio
1021 1664 1123 1752 hujus
1146 1665 1304 1734 vocabuli

175 1779 292 1867 ajure
315 1802 456 1844 romano
485 1779 693 1845 desumenda
717 1785 788 1859 est3
815 1801 914 1866 porro
944 1779 982 1844 L.
1009 1778 1047 1843 Si
1072 1781 1215 1867 infanti,
1243 1781 1301 1864 18,

175 1891 262 1959 Cod.
283 1893 333 1957 De
350 1895 437 1980 jure
456 1893 667 1958 deliberandi
692 1891 773 1982 (Vl,
796 1890 903 1980 xxx),
931 1891 1019 1958 clare
1044 1895 1247 1983 supponitur
1270 1901 1305 1961 et

174 2006 370 2072 declaratur
387 2005 566 2072 infantiam
585 2029 654 2071 non
670 2028 802 2071 cessare
820 2005 888 2071 nisi
906 2028 967 2094 per
984 2009 1197 2092 septennium
1216 2031 1305 2074 corn-

170 2122 307 2208 pletum
314 2139 329 2204 ;
348 2121 472 2186 dicitur
491 2121 581 2186 enim
604 2140 611 2187 :
635 2147 650 2182 a
675 2120 710 2185 Si
729 2119 867 2202 infanti,
890 2119 924 2184 id
944 2127 1012 2202 est,
1035 2122 1160 2186 minori
1177 2131 1304 2209 septem

175 2236 290 2319 annis,
319 2263 335 2296 ι)
358 2242 392 2301 et
414 2234 517 2322 paulo
541 2234 628 2300 inira
651 2253 658 2300 :
681 2261 698 2295 ι(
721 2233 757 2300 Si
782 2240 896 2299 autem
918 2242 1045 2320 reptem
1068 2258 1174 2301 annos
1197 2237 1304 2303 atatis

174 2349 328 2438 pupillus
352 2349 545 2434 occesserit,
572 2354 637 2414 etc.
651 2349 680 2430 ³3
709 2376 725 2408 n
746 2385 791 2396 —
810 2348 842 2414 i.
865 2347 986 2426 Quoad
1010 2349 1245 2437 exceptionem
1268 2351 1303 2416 in

174 2463 233 2530 eit.
263 2486 337 2552 cap.
366 2463 495 2528 Nullus
515 2463 686 2552 positam,
719 2487 734 2522 α
763 2461 830 2525 nisi
856 2461 942 2527 forte
970 2463 1167 2549 relipionem
1195 2466 1303 2530 intra-

175 2586 243 2662 ret,
270 2576 358 2642 »illi
382 2577 483 2642 hodie
506 2576 601 2642 locus
625 2575 771 2664 amplius
795 2597 864 2640 non
888 2582 956 2658 est,
983 2582 1058 2642 tum
1081 2583 1221 2666 propter
1242 2578 1301 2645 eit.

173 2690 278 2757 verba
298 2713 394 2757 conc.
411 2690 519 2773 Trid.,
541 2714 616 2779 quae
635 2689 813 2778 requirunt
830 2712 931 2755 usum
951 2690 1108 2772 rationiS,
1130 2698 1205 2756 tum
1224 2692 1303 2780 quia

174 2805 287 2870 inians
310 2805 369 2870 vix
392 2810 507 2892 potest
530 2803 730 2891 religionem
756 2802 898 2885 intrare,
925 2803 991 2869 nisi
1014 2827 1075 2892 per
1098 2805 1303 2872 oblationem

169 2921 396 3006 parentum⁴3
436 2941 536 3007 porro
569 2918 624 2983 hic
656 2939 738 2982 usus
771 2915 955 2983 oblationis
988 2925 1170 3006 parentum
1203 2907 1302 2986 hodie

173 3031 275 3098 desiit
285 3037 306 3098 ⁵.

217 3146 255 3210 2⁰
273 3146 322 3210 De
342 3146 520 3212 ordinibus
538 3145 740 3212 minoribus.
762 3184 806 3196 -
826 3145 931 3210 Nullo
957 3151 1056 3211 textu
1076 3146 1167 3211 claro
1193 3146 1302 3214 deter-

172 3259 323 3326 minatur
350 3267 432 3326 ertas
462 3283 523 3348 pro
553 3259 607 3326 his
635 3257 830 3340 ordinibus3
863 3259 954 3324 unde
983 3259 1128 3324 conferri
1156 3268 1302 3349 possunt

166 3382 246 3462 post
271 3375 484 3460 septennium
512 3373 734 3460 completum,
760 3372 861 3438 modo
888 3380 1000 3439 cetera
1029 3373 1192 3462 requisita
1222 3399 1301 3442 con·

202 3538 211 3572 ¹
230 3539 337 3602 Corpus
350 3536 428 3603 juris
446 3552 505 3587 can.
522 3551 584 3586 cum
602 3535 717 3601 plessis,
738 3537 765 3585 in
785 3537 837 3585 boc
856 3539 952 3599 caput,
975 3535 1111 3599 Lugduni,
1130 3543 1204 3599 1671,
1221 3541 1240 3588 t.
1257 3555 1299 3602 m,

168 3631 197 3681 p.
214 3619 270 3666 iii.

200 3694 333 3743 ²Giraidi
354 3693 453 3757 allegat
474 3697 578 3744 textum
593 3692 764 3756 Pontifioalis
780 3691 896 3743 Romani
918 3693 1102 3755 requirentem
1126 3697 1298 3758 septennium

167 3773 333 3836 completum
350 3771 517 3836 (depositio,
536 3775 599 3832 etc..
615 3775 684 3835 part.
704 3771 743 3832 11,
761 3774 828 3820 sect.
846 3787 902 3831 xer,
921 3787 948 3834 p.
964 3772 1039 3835 9³8);
1056 3787 1151 3822 verum
1170 3789 1214 3824 me
1231 3775 1299 3826 latet

167 3852 215 3900 ubi
231 3851 307 3899 iilum
322 3852 427 3900 textum
441 3851 469 3898 in
483 3849 640 3912 Pontifieaii
653 3850 795 3913 repererit.

199 3931 210 3966 ³
228 3928 307 3978 Unde
321 3929 495 3992 septennium
505 3927 670 3992 conspicium
680 3927 794 3990 requirit
806 3927 1030 3977 communissima
1040 3929 1183 3980 doctorum
1194 3932 1296 3994 opinio,

166 4023 236 4072 quos
255 4007 349 4056 videas
367 4005 448 4070 longo
468 4007 575 4070 agmine
593 4006 694 4056 relatos
713 4006 786 4070 apud
806 4005 1169 4072 Riganti,1nrepulsm2·i
1188 4009 1295 4059 cancei-

167 4085 258 4144 lariae,
275 4089 287 4146 5
302 4091 330 4145 t,
346 4100 373 4134 n.
390 4089 417 4144 i,
433 4089 453 4134 t.
470 4101 501 4145 ιι,
518 4101 544 4149 p.
561 4089 616 4134 327.

197 4165 209 4200 ⁴
225 4163 263 4214 Ut
277 4166 355 4213 notet
370 4161 480 4223 Glossa,
496 4163 523 4212 in
538 4165 599 4213 eod.
615 4179 674 4227 cap.
691 4163 805 4223 Nullus,
823 4172 853 4211 νο
866 4163 1001 4223 latraret,
1019 4163 1068 4214 loo.
1084 4164 1141 4225 cit,
1157 4182 1183 4230 p.
1200 4168 1254 4215 tii.

198 4244 210 4278 ⁸
226 4244 267 4292 De
282 4257 336 4305 quo
352 4242 386 4291 ct.
403 4241 579 4292 Benedictum
594 4241 667 4302 XIV,
683 4243 764 4306 epist.
779 4241 868 4292 Probe
884 4243 922 4301 te,
939 4242 1131 4302 rodcausi,
1148 4247 1160 4304 ς
1177 4249 1204 4302 6;
1222 4243 1293 4294 Bntt.

168 4320 277 4380 bened,
295 4323 316 4370 t.
331 4335 372 4379 ιιι,
388 4335 415 4370 ιι.
431 4325 470 4370 5⁴.

261 4433 346 4468 saona
360 4433 479 4468 oanrssr.
1121 4417 1152 4470 15
