3294 5054
307 429 359 482 358
574 431 618 482 BE
637 431 775 482 utullus
795 431 910 482 SMRAE
927 431 1163 484 ommnmxls

306 575 475 663 episcopis
507 582 583 662 (nrt.
615 573 673 662 26)
704 597 747 640 ne
779 574 891 639 ullum
917 573 1079 639 clericum
1106 574 1212 640 sactis
1243 573 1433 652 init'mrent,

305 689 374 752 nisi
396 687 554 775 probaret
583 711 619 752 se
650 687 894 776 patrimonium
917 695 1088 754 trecentos
1115 711 1275 754 nummos
1298 709 1431 753 annuos

307 802 385 888 (300
404 801 537 890 francs)
554 801 756 889 producens,
780 801 916 868 hahere.
937 802 1133 890 Nunquam
1153 801 1303 889 episcopi
1316 823 1433 867 amen-

306 922 423 980 sernnt
442 915 519 980 huic
534 915 763 1002 dispositioni,
782 915 872 980 bono
887 915 1107 982 ecelesiarum
1120 917 1280 1002 regimini
1292 916 1433 980 omnino

305 1031 474 1108 edversae;
506 1029 565 1094 sed
585 1053 624 1094 en
646 1037 853 1116 contempte,
882 1053 997 1096 saeros
1016 1030 1151 1095 ordines
1183 1029 1435 1095 indiscrimina-

305 1143 367 1208 tim
387 1143 606 1208 contulerunt
625 1145 673 1208 eis
702 1143 873 1222 omnibus
895 1167 981 1231 quos
1004 1145 1160 1209 eeclesiis
1181 1145 1251 1209 suis
1272 1165 1435 1208 neeessa-

306 1258 372 1320 rios
392 1257 448 1321 vei
465 1257 568 1322 utiles
583 1255 799 1344 judicabant,
821 1257 956 1322 nullum
975 1257 1151 1343 exigentes
1174 1257 1330 1338 titutum,
1351 1256 1429 1343 qnia

306 1370 413 1435 multo
432 1369 586 1457 pluribus
606 1369 716 1435 adhue
736 1369 801 1434 sibi
820 1393 905 1457 opus
925 1370 1046 1435 inisset
1065 1369 1329 1435 sacerdotibus¹.
1358 1397 1374 1430 s

350 1487 381 1548 3.
405 1483 454 1549 Ite
475 1484 577 1548 etiam
598 1485 760 1572 Lequeux
779 1491 925 1549 testatur
943 1486 1122 1572 episcopos
1140 1507 1339 1572 promovere
1359 1484 1428 1548 cle-

305 1601 392 1663 ricos
412 1597 454 1662 ad
474 1621 587 1663 sacros
607 1598 743 1663 ordines
764 1599 837 1663 sine
857 1599 970 1679 titulo,
988 1599 1117 1692 arideus
1139 1599 1235 1663 hodic
1255 1599 1311 1661 oin
1330 1597 1429 1661 aliter

301 1736 397 1798 posse
411 1713 487 1796 ficri
507 1713 709 1778 clericorum
729 1713 958 1778 ordinationes
971 1717 992 1778 ².

351 1828 381 1890 t.
412 1827 541 1908 Bouix,
559 1827 715 1891 adductis
739 1825 890 1912 prietatis
913 1827 1134 1906 testimoniis,
1157 1827 1203 1890 ita
1224 1825 1425 1890 conciudit:

306 1969 320 1999 ι(
346 1941 395 2004 Ex
416 1941 571 2006 adductis
600 1941 805 2005 testimoniis
832 1940 967 2006 videtur
991 1941 1026 2003 in
1046 1939 1167 2004 Galliis
1186 1963 1304 2004 revera
1329 1939 1426 2004 indu-

304 2061 358 2119 cto
386 2054 595 2118 consuetudo
627 2077 645 2118 a
676 2061 829 2140 tempore
857 2052 1051 2118 concordati
1084 2052 1184 2133 1801,
1210 2060 1248 2118 ut
1279 2053 1427 2140 episcopi

304 2168 439 2256 propria
468 2168 668 2232 auctoritate
693 2167 835 2232 clericos
859 2167 986 2256 absque
1012 2167 1174 2232 canonico
1197 2166 1297 2230 titulo
1324 2167 1428 2232 sacris

304 2281 479 2346 ordinibus
499 2282 648 2360 initient,
672 2282 807 2368 quando
827 2281 861 2345 id
882 2281 1057 2368 expedire,
1080 2280 1123 2345 ob
1142 2281 1332 2345 dioeceseon
1351 2305 1427 2346 suo-

305 2419 380 2459 rum
400 2396 636 2460 necessitatem
656 2403 714 2458 out
734 2395 935 2475 utilitatem,
958 2395 1185 2460 existiment³.
1211 2420 1225 2457 i

350 2511 382 2574 ὅ.
405 2509 522 2574 Andre
542 2533 644 2598 supra
668 2509 774 2573 relato
794 2509 898 2574 verbo
923 2511 964 2574 D.
987 2509 1135 2574 Goussct
1160 2516 1334 2573 mutuetur
1354 2531 1428 2572 sua·

305 2647 370 2711 que
390 2623 503 2688 facist

349 2739 381 2803 6.
410 2737 505 2802 lcard
534 2739 582 2801 sic
613 2738 753 2824 exponit
778 2737 950 2823 vigentem
980 2737 1015 2800 in
1044 2737 1156 2801 Gallia
1182 2736 1426 2823 disciplinam:

306 2879 320 2910 «
346 2852 384 2916 In
408 2851 528 2916 Galliis
549 2857 676 2916 statuta
701 2851 892 2915 dioecesona
912 2851 1105 2936 prietiniunt
1129 2850 1206 2937 quis
1225 2849 1352 2915 reditus
1372 2873 1430 2914 on-

306 2989 394 3030 nuus
408 2967 599 3053 requiratur
619 2966 661 3030 ad
679 2965 956 3030 constituendum
976 2965 1131 3043 titulum,
1153 2964 1233 3028 licet
1252 2965 1296 3028 sit
1316 2987 1428 3052 perse

306 3079 513 3144 insufficiens
533 3080 575 3144 ad
599 3080 678 3144 vitan
703 3079 999 3145 sustentationem.
1022 3079 1090 3144 Sed
1114 3085 1224 3143 status
1243 3078 1430 3165 plerorum-

306 3217 371 3280 que
396 3194 594 3257 clericorum
618 3191 676 3281 qui
709 3216 771 3258 nec
801 3193 1000 3280 pensionem
1031 3199 1175 3272 certam,
1201 3215 1263 3256 nco
1287 3173 1430 3256 fundum

306 3307 504 3392 frugiferum
531 3331 572 3371 ex
604 3331 665 3372 sua
696 3307 824 3372 familia
857 3305 980 3371 habere
1010 3315 1156 3394 queunt,
1190 3307 1430 3370 necessitatem

306 3421 450 3500 induxit,
484 3429 522 3486 ut
549 3445 649 3508 supra
680 3423 840 3498 diximus,
871 3429 909 3484 ut
937 3420 1051 3484 cleriei
1079 3420 1280 3484 ordinentur
1304 3419 1366 3484 sub
1391 3444 1431 3486 ea

306 3536 408 3600 tacita
437 3535 651 3616 condicione,
686 3535 776 3622 quod
806 3534 993 3598 ministerio
1025 3533 1089 3598 sibi
1122 3535 1365 3602 committendo
1395 3537 1430 3600 in

306 3649 445 3713 dimensi
464 3673 584 3737 operas
604 3673 683 3714 suas
703 3648 833 3713 dabunt
848 3651 870 3713 ⁵.
895 3677 910 3708 n

353 3765 384 3828 Ῑ.
407 3763 493 3827 Item
513 3763 612 3827 multi
638 3762 712 3844 olii,
729 3763 797 3826 imo
818 3786 936 3827 omnes
959 3763 1032 3826 sine
1057 3763 1126 3826 ulle
1150 3765 1348 3850 exceptione
1374 3789 1432 3830 au-

339 3933 347 3965 ¹
365 3933 555 3980 [restitutiones
571 3932 742 3996 theotonice,
759 3932 882 3984 Parisiis.
900 3937 972 3986 tssnt,
990 3935 1009 3980 t.
1026 3947 1062 3988 iv,
1078 3947 1103 3993 p.
1120 3936 1159 3978 δα

339 4012 349 4044 ²
367 4012 561 4074 Compendiuni
572 4010 649 4074 Juris
662 4009 799 4067 cononici,
815 4013 857 4058 ed.
874 4014 945 4066 isto,
962 4015 981 4059 t.
999 4025 1029 4066 u,
1046 4025 1072 4072 p.
1091 4014 1144 4057 rit.

338 4092 349 4124 ³
367 4092 403 4139 De
419 4089 555 4152 episcopo,
573 4089 694 4145 Parisiis,
714 4095 781 4140 1859.
799 4093 817 4137 t.
835 4105 864 4143 rr.
880 4105 905 4151 p.
922 4095 974 4136 180.

338 4171 349 4202 ⁴
367 4173 453 4218 (lours
467 4170 500 4216 de
514 4169 587 4217 droit
603 4183 702 4224 certon,
720 4179 749 4212 νο
768 4169 854 4224 Titre,
871 4173 882 4225 ἢ
898 4173 925 4222 2,
944 4168 1030 4223 Poris,
1048 4171 1124 4222 1860,
1137 4170 1158 4215 t.
1174 4181 1213 4224 vx,
1228 4182 1254 4229 p.
1268 4171 1323 4214 m.

339 4249 349 4280 ὅ
367 4246 557 4296 Praetcctiones
566 4245 642 4310 juris
657 4245 793 4297 cononici.
811 4261 835 4292 n.
852 4249 910 4304 32t,
928 4245 1050 4302 Parisiis,
1066 4249 1139 4302 1893,
1156 4248 1177 4292 t.
1193 4259 1223 4301 rr,
1241 4260 1267 4306 p.
1281 4249 1320 4292 29.
