3238 5052
329 393 380 445 486
668 393 711 442 DE
731 393 861 442 RlTlllUS
880 395 1118 445 onulnmonls

330 545 522 602 mentorum
542 559 619 600 curn
638 535 791 601 relativis
806 537 920 601 verbis
938 545 992 602 est
1012 540 1099 602 ritus
1113 540 1297 604 essentialia
1317 540 1463 628 presby-

329 660 475 732 teratus,
515 657 550 716 et
586 650 724 738 quidem
763 652 849 716 ritus
886 652 1080 716 essentialis
1116 655 1321 740 completus‚·
1357 657 1463 720 aliter

329 766 497 856 porrectio
518 765 583 830 ista
609 787 677 828 non
702 773 794 830 esset
813 789 897 852 pure
923 773 958 830 et
982 767 1183 854 simpliciter
1206 769 1364 845 materia,
1397 770 1463 832 sed

329 903 408 968 pars
435 881 595 951 materiae,
617 887 651 942 et
680 878 781 942 verba
811 879 968 966 praedicta
997 904 1063 944 non
1091 889 1205 946 essent
1239 883 1364 964 lorrna,
1396 885 1461 948 sed

331 1017 409 1082 pars
429 993 557 1056 torma‘.

375 1108 408 1170 4⁰
426 1107 495 1172 Nec
511 1107 642 1170 dicatur
657 1107 825 1190 impositio
847 1131 1011 1173 manuum
1032 1111 1211 1174 memorari
1235 1110 1270 1173 in
1290 1109 1459 1180 conciliis.

331 1219 506 1293 Patribus,
536 1220 603 1283 imo
627 1229 661 1284 et
692 1221 726 1284 in
751 1219 923 1309 Scriptura
956 1245 1066 1296 sacra,
1097 1247 1217 1311 nempe
1251 1224 1285 1288 in
1312 1224 1462 1289 Actibus

330 1336 573 1420 apostotorum,
596 1342 629 1398 et
650 1335 790 1422 proinde
812 1335 906 1400 illam
926 1359 1000 1401 esse
1021 1339 1197 1402 materiam
1218 1338 1458 1406 ordinationis

330 1449 452 1514 saltem
479 1449 668 1535 partialem.
698 1489 742 1498 -
768 1451 824 1514 Ad
853 1451 917 1515 hoc
946 1460 1200 1538 argumentum,
1230 1452 1326 1539 cujus
1352 1453 1457 1516 sentit

331 1562 579 1639 difficultatem,
603 1563 787 1651 respondet
817 1566 949 1645 Estius‚
974 1567 1033 1630 loc.
1062 1569 1133 1639 cit,
1157 1567 1368 1650 impositione
1388 1589 1461 1628 ma-

332 1699 440 1742 nuum
459 1676 641 1764 designari,
664 1701 732 1742 non
753 1687 887 1744 tantum
908 1680 1015 1766 ipsam
1042 1681 1176 1767 proprie
1196 1680 1322 1744 dictam
1347 1681 1460 1764 impo-

330 1793 486 1856 sitionem
502 1815 667 1856 manuum
689 1793 772 1880 (qui,
790 1793 890 1880 juxta
911 1793 1040 1880 ipsum,·
1057 1795 1143 1858 ritus
1164 1801 1215 1857 est
1235 1794 1456 1860 accessorius.

331 1930 392 1971 nec
413 1906 661 1991 necessarius),
684 1907 744 1970 sed
768 1907 871 1970 etiarn
896 1907 1118 1994 principalem
1137 1908 1239 1971 ritum
1265 1930 1459 1972 sacramen-

331 2021 447 2098 talem,
470 2043 530 2106 per
549 2020 769 2084 traditionem
790 2022 1026 2085 transmissum
1046 2031 1081 2086 et
1100 2023 1293 2108 cognitum,
1317 2022 1375 2110 qui
1395 2021 1458 2085 hoc

331 2135 467 2198 nomine
496 2132 745 2221 appellabatur,
767 2143 805 2200 ut
832 2135 951 2199 lateret
979 2136 1172 2204 ethnicos¹1
1198 2135 1299 2201 Sotus
1323 2145 1454 2202 autem.

334 2249 394 2312 loe.
422 2251 493 2326 cit,
526 2249 726 2336 respondet,
758 2273 825 2314 non
859 2250 1018 2314 obstante
1049 2251 1110 2314 hae
1144 2249 1358 2319 difficultate,
1391 2273 1457 2314 non

332 2385 432 2450 posse
452 2362 579 2426 discedi
600 2387 619 2426 a
639 2364 808 2426 sententia
822 2387 923 2450 quam
944 2363 1055 2444 docet,
1075 2365 1151 2450 quia
1169 2373 1221 2428 est
1240 2364 1354 2450 opinio
1369 2387 1459 2427 eorn-

334 2477 463 2554 munis‚
499 2499 518 2539 a
549 2475 583 2540 S.
615 2476 743 2540 Thoma
772 2485 806 2540 et
844 2500 861 2540 a
900 2477 1045 2541 concilio
1079 2477 1275 2541 Florentino
1313 2477 1457 2554 tradita3

334 2589 470 2654 aliunde
499 2591 740 2677 gravissimum
769 2591 1021 2656 incommodum
1054 2615 1128 2656 esse
1162 2590 1252 2678 quod
1285 2590 1461 2656 differatur

335 2704 511 2791 impressio
528 2705 730 2769 characteris
745 2729 853 2792 usque
869 2706 910 2768 ad
931 2706 1182 2792 impositionem
1205 2728 1365 2769 manuum
1386 2729 1460 2791 qua·

337 2819 374 2882 lit
393 2827 471 2906 post
492 2820 631 2882 missam
644 2821 666 2882 ².

383 3038 479 3105 255.
500 3078 542 3085 —
563 3038 744 3106 Secunda
762 3039 912 3125 oplniO.
931 3075 976 3089 -
995 3040 1094 3103 Ritus
1113 3040 1297 3103 essentialia
1317 3039 1461 3124 presby-

339 3161 467 3216 teratus
486 3161 615 3216 constat
642 3137 777 3217 duabus
798 3155 949 3216 materiis
973 3154 1174 3238 duabusque
1192 3153 1318 3237 formis
1333 3155 1462 3238 partia-

340 3267 443 3337 libus,
467 3290 584 3351 nempe
611 3265 640 3330 l.
671 3267 886 3330 Porrectione
912 3269 1237 3348 instrumentorum,
1271 3289 1348 3331 cum
1377 3268 1462 3330 reta·

371 3428 379 3459 ¹
404 3430 532 3476 Attamen
558 3430 660 3486 listins,
687 3431 712 3476 in
737 3429 790 3476 linc
814 3430 859 3476 cit.
887 3429 1047 3491 paragraphi
1072 3433 1114 3481 tt,
1139 3429 1271 3490 gravitate
1296 3428 1461 3476 difficultatis

339 3509 436 3559 virtus.
453 3523 502 3555 nec
517 3508 569 3555 sibi
584 3508 652 3555 bene
667 3509 931 3563 contemnerentur
946 3507 1060 3556 manime
1074 3507 1217 3570 probabile
1231 3521 1288 3554 esse
1300 3509 1461 3569 potestatem

339 3587 493 3634 remittendi
506 3589 616 3648 peccata
632 3603 685 3634 non
701 3587 815 3635 conferri
828 3586 990 3648 presbytero
1000 3587 1051 3634 nisi
1063 3601 1110 3648 per
1126 3585 1247 3634 ultimam
1263 3585 1460 3646 impositionem
1488 3605 1493 3614 ·

340 3679 475 3712 manuum.
488 3681 548 3725 quir
563 3666 592 3712 tlt
608 3667 634 3712 r'n
650 3665 702 3712 line
718 3666 806 3713 missar
822 3680 882 3713 cum
899 3665 941 3712 iris
956 3665 1055 3721 verbis,
1068 3663 1166 3726 Accipe
1180 3663 1312 3726 Spiritum
1327 3663 1460 3710 Sanctum.

340 3746 408 3800 ete.·,
422 3743 493 3790 unde
509 3743 558 3790 hae
574 3745 600 3790 in
615 3747 692 3805 parte
707 3745 811 3792 accedit
826 3743 861 3791 ad
876 3743 1022 3791 secundam
1037 3744 1202 3804 opinionem.

371 3823 381 3854 ²
408 3820 493 3868 Nemo
518 3825 582 3869 tune
606 3823 738 3882 temporis
761 3821 952 3883 suspicabatur
980 3822 1098 3884 priorem
1125 3820 1327 3882 impositionem
1350 3833 1411 3880 quae
1433 3818 1462 3865 fit

341 3899 448 3946 silentio
463 3915 512 3960 per
530 3899 687 3961 episcopum
703 3903 730 3948 et
745 3901 921 3962 presbyteros
941 3914 1021 3961 posse
1036 3899 1171 3961 pertinere
1186 3899 1220 3945 ad
1235 3898 1373 3946 materiam
1390 3897 1458 3944 ordi-

341 3979 466 4026 nationis.
484 3977 562 4025 Unde
576 3979 657 4025 etiam
672 3978 792 4040 vasquez
807 3977 854 4036 (In
870 3981 979 4040 partem
996 3977 1083 4024 1111).
1103 3976 1224 4032 Thoma,
1246 3979 1265 4024 t.
1283 3992 1323 4033 ιιι,
1340 3979 1409 4037 part.
1424 3973 1459 4022 ll.

340 4057 411 4118 disp.
427 4056 597 4110 ccxxxm
614 4073 637 4104 c.
655 4073 684 4107 ιι,
703 4057 837 4119 Lugduni,
855 4062 928 4115 1631,
945 4072 971 4119 p.
987 4057 1044 4118 55⁰)
1060 4055 1178 4104 affirmat
1198 4075 1208 4096 ι·
1226 4053 1299 4102 nulla
1314 4052 1460 4116 probabili-

341 4139 397 4184 tate
410 4136 462 4182 dici
478 4151 570 4196 posse,
585 4150 642 4182 carn
655 4135 801 4198 (priorem)
813 4151 940 4183 manuum
957 4135 1157 4196 impositionem
1174 4133 1207 4180 ad
1223 4132 1365 4180 sacerdotii
1382 4135 1461 4179 mate·

340 4215 406 4261 riem
423 4215 557 4275 pertinere
573 4232 595 4261 n.
