3294 5054
340 449 392 502 428
607 453 650 502 DE
669 453 806 504 LEGIBUS
827 454 941 504 SACRAE
960 453 1197 504 onnlnnnoms

337 596 493 680 ptieium,
510 597 722 680 attipiscitur,
745 619 867 684 nempe
888 606 925 662 ut
944 607 1152 662 sustentetur
1171 620 1211 660 ear
1230 597 1326 660 boreis
1346 618 1464 660 mona-

339 711 434 774 sterii
457 732 514 773 seu
539 711 827 795 conqreqnhonis,
859 711 892 774 in
923 735 990 799 qua
1019 720 1096 776 vota
1126 711 1261 775 emittit.
1289 710 1385 776 L'nde
1409 709 1464 774 hic

339 822 461 888 titulus
476 823 575 888 valde
597 823 708 888 affinis
728 833 781 890 est
801 825 900 890 titulo
920 825 1131 914 paupertatis
1153 844 1199 912 tn.
1220 825 1326 911 143).

385 937 418 1001 2⁰
438 937 501 1001 Hic
523 937 643 1002 titulus
667 945 719 1002 est
741 941 822 1024 juri
845 942 1017 1004 communi
1040 941 1232 1004 contrarius
1263 945 1296 1004 et
1322 937 1465 1026 proinde

340 1051 470 1137 indiget
498 1051 630 1116 indulto
660 1053 809 1139 speciali.
842 1093 886 1102 -
914 1052 1058 1118 Constat
1087 1051 1220 1118 duobus
1250 1053 1466 1117 documentis

343 1188 444 1253 supra
471 1165 522 1249 (n.
547 1166 803 1254 172)1·elatis‚
827 1189 949 1254 nempe
978 1167 1011 1232 S.
1045 1167 1096 1231 Pii
1121 1167 1150 1230 V
1175 1165 1267 1232 bulla
1292 1167 1467 1230 Romanus

337 1281 497 1364 pontifex
524 1303 717 1362 sacrorum,
742 1282 781 1344 ll
807 1289 873 1346 oct.
899 1282 1002 1360 1568,
1029 1287 1063 1345 et
1083 1281 1134 1344 Pii
1156 1281 1201 1345 lX
1220 1281 1467 1346 constitutione

340 1393 541 1478 Apostolicae
560 1395 663 1476 sedis,
687 1395 737 1458 Dn
762 1416 1096 1474 susrsss10s1ncs‚u.
1124 1395 1156 1460 l.
1179 1393 1218 1460 In
1242 1395 1352 1482 priore
1373 1395 1467 1458 enim

341 1505 450 1585 bulla,
480 1509 617 1572 omuino
646 1507 843 1595 prohibetur
867 1533 925 1590 ne,
954 1517 1076 1596 praeter
1101 1509 1286 1595 Reyulares
1314 1509 1353 1572 de
1372 1512 1467 1592 facto

339 1622 535 1686 solemniter
556 1626 741 1707 professos,
771 1624 975 1711 quicumque
1007 1623 1162 1701 clericus
1189 1623 1291 1688 etiam
1320 1623 1354 1686 in
1385 1645 1468 1685 con-

341 1736 539 1820 gregatione
572 1737 692 1799 vivens
730 1745 764 1802 et
797 1738 888 1801 votis
924 1737 1124 1816 adstrictuS‚
1166 1737 1199 1800 in
1240 1736 1344 1800 sacris
1377 1735 1468 1799 ordi-

342 1856 441 1913 netur
471 1851 597 1935 alisque
629 1851 729 1914 titulo
757 1851 925 1935 beneficii,
957 1852 1159 1937 patrimonii
1189 1857 1247 1915 aut
1274 1851 1469 1936 pensionis:

342 1971 374 2028 et
409 1964 442 2026 in
471 1963 594 2044 altera,
631 1965 823 2029 decernitur
853 1988 954 2052 poena
987 1965 1220 2052 suspensionis
1253 1970 1369 2028 contra
1397 1963 1469 2050 epi-

342 2100 500 2163 scopum,
532 2079 589 2164 qui
624 2079 727 2143 talem
765 2079 925 2144 clericum
960 2079 994 2143 in
1031 2079 1135 2144 sacris
1168 2079 1301 2144 ordinet
1337 2077 1468 2165 absque

342 2191 432 2254 dicto
471 2192 570 2256 titulo
609 2191 763 2258 beneficii
796 2193 851 2258 vel
884 2193 1089 2281 patrimonii.
1121 2193 1228 2279 Ergo,
1261 2200 1299 2258 ut
1337 2193 1468 2256 alumni

342 2305 485 2392 alicujus
511 2306 658 2372 instituti
681 2315 838 2372 votorum
866 2307 1072 2395 simplicium
1097 2309 1230 2396 possint
1258 2307 1405 2371 ordinari
1433 2307 1469 2370 in

343 2420 447 2484 sacris
473 2421 515 2484 ad
537 2422 675 2487 titulum
704 2445 822 2487 mensae
854 2423 1054 2506 communis,
1083 2422 1265 2509 requiritur
1297 2419 1469 2485 indultum

342 2535 499 2621 speciale.

388 2651 421 2714 3⁰
452 2649 563 2714 Etiam
590 2673 692 2722 nunc,
727 2659 806 2738 post
830 2651 1003 2716 decretum
1031 2651 1169 2734 Auctis,
1205 2653 1225 2714 l
1255 2673 1334 2714 nov.
1367 2649 1467 2728 1892,

344 2764 499 2828 instituta
533 2771 690 2830 votorum
718 2765 923 2853 simplicium
943 2789 1140 2853 promovere
1166 2765 1274 2830 lacere
1294 2771 1469 2851 nequeunt

344 2901 423 2942 suos
453 2877 606 2942 subditos
637 2879 735 2942 tituto
767 2903 886 2944 menaea
911 2881 1099 2944 communia
1128 2880 1200 2944 sine
1229 2879 1360 2946 indulto
1390 2899 1469 2966 spe·

344 2992 432 3057 ciali.
456 2991 542 3055 Cum
563 2992 664 3072 enim,
687 2999 764 3080 post
784 2993 914 3058 editum
934 2994 997 3058 hoc
1019 2995 1204 3074 decretum,
1226 2995 1363 3081 quidam
1379 2993 1468 3057 dice-

344 3115 420 3170 rent
446 3107 504 3193 jus
533 3107 645 3170 inesse
674 3106 833 3171 omnibus
865 3107 917 3171 his
941 3109 1109 3173 institutis
1131 3106 1354 3196 promovendi
1387 3131 1467 3170 suos

345 3219 499 3283 subditos
519 3219 562 3283 ad
581 3219 720 3284 titulum
741 3243 866 3284 mensae
891 3221 1097 3302 communi5‚
1120 3221 1199 3308 quia
1219 3219 1384 3308 putabant
1403 3219 1467 3284 hoc

344 3334 482 3397 concedi
503 3341 561 3398 aut
581 3335 727 3421 supponi
748 3335 781 3398 in
802 3335 863 3398 hoc
885 3335 1032 3408 decreto,
1054 3339 1070 3416 ξ
1092 3339 1144 3412 1¹,
1168 3335 1467 3400 Eminentissimus

344 3447 524 3512 cardinalis
558 3449 721 3528 Richard‚
763 3449 1035 3536 archiepiscopus
1073 3449 1291 3528 ParisiensiS,
1327 3447 1467 3511 dubium

344 3563 520 3650 proposuit
540 3563 575 3629 S.
599 3563 725 3648 Congr.
749 3562 810 3649 Ep.
833 3571 867 3627 et
887 3563 986 3650 Reg.‚
1009 3563 1061 3627 his
1085 3561 1224 3628 verbis:
1252 3589 1267 3622 «
1292 3563 1323 3628 3.
1346 3561 1467 3627 Utrum

345 3699 446 3750 nunc,
470 3685 546 3764 post
566 3677 738 3741 decretum
760 3677 789 3739 :l
798 3678 893 3758 netis,
914 3677 1070 3742 instituta
1085 3685 1241 3742 votorum
1262 3675 1468 3764 simplicium

345 3789 448 3855 libere
476 3792 625 3878 possint,
657 3791 729 3856 sine
759 3791 891 3854 indulto
922 3791 1076 3878 speciali,
1099 3791 1255 3856 alumnos
1284 3813 1365 3854 suos
1392 3811 1469 3876 pro-

345 3927 481 3968 movere
505 3905 547 3970 ad
572 3905 726 3969 ordinem
755 3927 888 3969 sacrum
913 3905 1012 3970 titulo
1037 3927 1163 3970 mensae
1183 3905 1390 3979 communis
1413 3903 1470 3968 vel

345 4020 410 4084 alio
424 4021 543 4096 simili;
564 4047 579 4080 n
596 4019 638 4083 ad
654 4018 745 4106 quod
761 4019 902 4084 dubium
917 4019 951 4084 S.
971 4019 1210 4105 Congregatio,
1229 4021 1247 4086 9
1263 4019 1346 4084 febr.
1368 4019 1468 4096 1894,

377 4173 384 4206 ¹
403 4175 469 4221 Acta
484 4175 510 4219 S.
526 4172 615 4225 Sedis,
633 4175 651 4218 t.
670 4187 730 4228 xxv,
753 4187 779 4234 p.
795 4177 854 4222 312.
873 4173 915 4220 vel
936 4173 968 4220 ad
988 4174 1087 4220 calcem
1109 4173 1187 4234 hujus
1208 4173 1365 4228 voluminis,
1382 4173 1473 4222 Docu-

348 4255 463 4299 mentum
480 4252 493 4299 I
499 4251 525 4298 V.
