3290 5060
329 443 381 498 ¹52
594 445 639 497 DE
656 445 794 498 LEGIBUS
814 445 929 498 SACRAE
947 447 1184 500 onutnnuonrs

328 589 478 656 ordinari
490 590 561 655 sine
582 589 703 655 litteris
718 590 1003 658 dimissorialibns
1015 613 1158 657 suorum
1173 591 1451 658 ordinariorum.

328 743 372 754 —
398 704 471 770 Hoc
497 703 676 792 privilegio
707 703 865 770 fruuntur
894 704 993 794 plura
1023 705 1167 794 collegia
1195 704 1289 771 urbis
1315 707 1451 790 Roma,

327 843 361 884 v.
387 841 436 905 g.,
463 817 719 902 Germanicum,
747 819 956 906 Anglorum,
982 819 1177 902 Scotorum,
1203 818 1451 902 Hibernorum,

328 932 512 1020 collegium
539 931 581 998 de
610 931 834 1021 Propaganda
867 933 965 1016 Fide,
994 941 1060 1000 etc.
1073 938 1098 1016 ¹;
1128 933 1348 1022 quodetiam
1375 933 1454 1000 Cle-

329 1069 426 1113 mens
451 1045 497 1112 IX
517 1047 684 1112 concessit
707 1047 888 1114 seminario
911 1048 1086 1137 pontificio
1110 1047 1394 1136 Brunsbergensi,
1416 1049 1452 1115 in

328 1159 498 1228 Prussia¹.

372 1277 406 1340 b.
425 1274 590 1341 Concedit
609 1274 792 1364 aliquando
810 1277 1012 1362 facultatem
1026 1277 1067 1342 de
1080 1278 1311 1364 promovendo
1330 1301 1350 1342 a
1369 1299 1450 1365 quo

326 1412 488 1476 cunique,
515 1388 549 1454 id
573 1397 642 1471 est,
663 1389 836 1456 licentiam
844 1397 893 1470 ut
912 1391 988 1479 quis
1011 1392 1160 1478 recipere
1183 1391 1292 1479 possit
1316 1391 1450 1457 ordines

326 1526 345 1568 a
365 1525 579 1592 quocumque
598 1503 755 1593 episcopo
780 1504 959 1570 catholico.
987 1505 1057 1570 Has
1080 1505 1262 1591 facultates
1285 1513 1450 1570 memorat

326 1639 487 1706 expresse
512 1641 606 1684 conc.
633 1617 740 1700 Trid.,
763 1641 836 1706 cap.
862 1618 1071 1703 Facultates,
1100 1618 1158 1698 II,
1181 1641 1265 1684 sess.
1292 1617 1374 1702 VII,
1400 1619 1450 1684 Da

328 1751 414 1815 aar„
432 1739 467 1798 et
481 1731 645 1822 implicite
659 1755 734 1820 cap.
752 1732 1000 1818 Ordinationes,
1018 1732 1051 1815 8,
1069 1755 1153 1798 sess.
1166 1733 1292 1815 XXIII,
1306 1735 1357 1798 Da
1377 1751 1447 1798 aar.

327 1845 370 1910 Vi
389 1847 511 1912 horum
531 1847 759 1929 decretorum,
777 1847 828 1912 hae
843 1847 1036 1912 Facultates
1050 1869 1119 1912 non
1137 1854 1283 1935 prosunt
1301 1847 1368 1912 nisi
1387 1846 1449 1913 sub

326 1961 380 2024 his
404 1960 658 2027 condicionibus
681 1981 688 2027 :
713 1965 743 2027 I.
771 1960 896 2044 Causa,
918 1968 1058 2050 propter
1081 1984 1184 2052 quam
1207 1961 1290 2027 dicti
1312 1961 1450 2049 privile·

325 2074 411 2162 giati
430 2097 499 2140 non
518 2075 718 2141 ordinantur
741 2097 760 2141 a
779 2075 925 2164 propriis
944 2075 1129 2164 episcopis,
1151 2077 1186 2140 in
1214 2076 1451 2142 1616111Ρο1-

327 2187 440 2254 tificiis
463 2189 608 2277 exprimi
631 2189 751 2272 debet3
772 2229 816 2239 -
841 2190 873 2256 2.
901 2188 1114 2256 ordinationi
1140 2191 1285 2276 diliqens
1311 2212 1450 2256 examen

201 2357 209 2376 ,
324 2302 505 2368 ordinandi
524 2305 642 2393 praeire
662 2303 780 2386 debet;
797 2343 842 2353 -
857 2304 889 2371 3.
907 2303 1083 2370 Ordinatio
1105 2303 1178 2370 fieri
1197 2304 1297 2370 debet
1317 2303 1360 2370 ab
1379 2303 1450 2392 epi·

326 2439 430 2505 scopo
451 2418 485 2484 in
503 2441 565 2483 sua
585 2419 715 2484 dioecesi
737 2419 912 2503 residente,
934 2425 994 2484 aut
1012 2418 1054 2484 ab
1073 2419 1141 2484 alio
1160 2441 1227 2504 pro
1251 2441 1287 2484 eo
1307 2420 1450 2504 pontifi-

325 2531 411 2596 calia
430 2542 625 2617 emarcente,·
637 2573 682 2582 —
697 2534 729 2599 l.
747 2533 898 2600 Tandem
912 2533 1130 2621 requiruntur
1146 2533 1265 2597 litterae
1280 2555 1450 2597 commen-

327 2645 454 2712 datitiae
472 2648 610 2733 proprii
633 2648 793 2734 episcopi,
816 2655 850 2713 et
873 2645 938 2712 hoc
961 2646 1098 2734 quidem
1122 2646 1283 2710 ultimum
1310 2645 1373 2710 sub
1398 2645 1450 2710 bis

327 2757 461 2842 poenis:
482 2785 498 2818 a
519 2757 557 2824 Si
581 2780 678 2822 secus
697 2758 772 2838 frat,
795 2757 955 2822 ordinans
974 2779 994 2821 a
1013 2755 1194 2822 collatione
1214 2754 1372 2820 ordinum
1391 2775 1451 2843 per

328 2892 472 2954 annum,
494 2879 529 2936 et
547 2870 723 2936 ordinatus
747 2893 766 2936 a
790 2875 1026 2958 susceptorum
1049 2867 1207 2934 ordinum
1231 2869 1447 2948 executi0ne‚

326 2984 489 3071 quamdiu
507 2985 643 3073 proprio
664 2983 840 3050 Ordinario
860 2982 1031 3049 videbitur
1049 2981 1224 3072 expedire,
1246 2983 1291 3048 sit
1310 3004 1450 3071 suspen-

329 3119 386 3162 sus
402 3095 489 3186 (cap.
514 3099 761 3182 Ordinationes,
784 3097 817 3181 8,
839 3121 924 3164 sess.
946 3097 1072 3180 XXIII,
1096 3098 1146 3162 Da
1170 3097 1271 3187 ω).
1291 3123 1307 3158 »
1329 3095 1450 3161 —His

326 3212 552 3295 cautionibuS,
570 3214 611 3278 Η.
630 3212 800 3296 Pontifex,
818 3235 913 3278 sacro
928 3211 1136 3300 approbante
1151 3211 1294 3276 concilio
1313 3211 1450 3276 Triden-

328 3325 417 3410 tino,
434 3325 701 3394 moderationem
720 3326 902 3415 quamdam
917 3325 1070 3391 adhibuit
1089 3325 1309 3413 amplissimae
1328 3326 1451 3391 Roma-

328 3462 450 3506 norum
469 3440 673 3506 Pontificum
688 3440 849 3530 potestati
863 3441 951 3506 circa
965 3439 1121 3528 praefatas
1136 3438 1316 3505 facultates
1335 3461 1451 3505 conce-

328 3553 497 3628 dendas³;
524 3563 776 3636 verumtamen,
803 3561 842 3620 ut
864 3577 925 3642 per
948 3577 984 3620 se
1008 3561 1119 3644 patet,
1145 3553 1198 3619 his
1221 3553 1355 3642 legibus
1381 3575 1449 3618 non

331 3677 464 3735 tenetur
483 3669 524 3734 R.
547 3668 707 3735 Pontifex
727 3668 783 3760 (ut
802 3669 913 3758 ipsum
937 3669 1119 3734 concilium
1139 3667 1276 3751 fatetur,
1301 3667 1451 3734 cavendo

327 3791 366 3850 ut
394 3805 527 3870 semper
549 3784 641 3848 salva
666 3785 710 3849 sit
737 3783 921 3848 auctoritas
944 3783 1032 3848 sedis
1054 3783 1258 3869 apostolica,
1284 3805 1358 3870 cap.
1387 3781 1453 3847 Po-

359 3965 368 3999 ¹
384 3965 451 4014 Cum
466 3963 525 4012 haec
544 3963 599 4012 sint
617 3961 698 4024 sacti,
714 3961 806 4024 potius
820 3975 901 4024 quam
912 3959 1001 4026 juris,
1020 3962 1143 4020 remitto,
1164 3975 1214 4024 pro
1234 3960 1405 4009 documentis
1426 3963 1454 4009 et

329 4043 464 4103 textibus,
480 4043 514 4090 ad
530 4041 701 4100 Honorantc,
717 4039 828 4098 Praais,
845 4043 908 4098 etc.,
922 4055 945 4088 c.
962 4055 1030 4100 xvu,
1046 4055 1072 4103 p.
1089 4044 1131 4088 111
1147 4054 1186 4102 sq.

360 4121 371 4156 ²
389 4121 468 4171 Brevi
487 4119 621 4180 Dilectus,
641 4123 670 4167 16
689 4133 749 4181 aug.
770 4123 840 4178 1667,
861 4117 934 4182 apud
952 4117 994 4167 De
1013 4118 1152 4176 Martium,
1171 4117 1248 4168 luris
1264 4115 1402 4181 pontificii
1420 4117 1454 4167 da

328 4200 410 4264 Prcp.
425 4198 506 4257 Fide,
522 4200 593 4262 part.
609 4195 634 4256 I,
651 4197 757 4252 Romoe,
771 4201 845 4256 1888,
861 4200 881 4246 t.
898 4213 920 4256 1,
935 4211 962 4260 p.
979 4201 1033 4245 671.

360 4277 371 4314 ⁸
388 4278 428 4327 Cf.
445 4277 557 4336 Hallier,
574 4276 624 4326 loc.
639 4275 695 4334 cit,
711 4279 762 4325 art.
778 4281 801 4336 9,
817 4291 843 4326 n.
859 4279 897 4337 16,
914 4275 965 4326 col.
981 4278 1051 4324 1631.
