3300 5056
421 500 465 550 DE
483 499 694 552 TEMPORIBUS
714 499 756 550 ΕΤ
774 498 857 550 Loco
876 497 1132 550 onulnlrlonuu
1289 491 1342 549 249

261 645 297 712 3⁰
316 641 437 722 Quoad
461 644 616 710 natalitia
636 642 885 732 apostolorum,
907 664 970 707 neo
993 641 1140 707 multum
1164 639 1341 706 innovavit

215 759 412 844 Pontifiealc
431 758 647 842 Romanum
669 758 704 822 in
731 757 856 822 Ordine
884 756 976 822 enim
1004 756 1156 821 Romano
1179 755 1337 843 vulgato,

214 872 268 938 tit.
304 871 376 948 Qua
407 873 461 937 die
491 873 672 938 ordinetur
698 871 886 958 episcopus,
916 875 1100 958 postquam
1130 869 1259 935 dictum
1287 875 1341 936 est

212 986 364 1076 episcopi
383 985 674 1053 consecrationem
693 983 766 1050 lieri
785 985 1015 1070 indominica,
1032 983 1168 1050 additur
1185 1002 1193 1050 :
1215 983 1340 1048 «Fieri

212 1101 315 1166 etiam
335 1100 424 1166 solet
442 1099 624 1189 aliquoties
642 1099 678 1165 in
698 1100 861 1164 natalitiis
884 1098 1149 1187 apostolorum¹.
1173 1125 1189 1160 n
1212 1135 1252 1147 -
1273 1097 1340 1162 Per

213 1215 368 1280 natalitia
402 1220 518 1280 autern
550 1213 782 1303 apostolorum
815 1235 884 1278 non
913 1211 1152 1301 intellignmtur
1179 1211 1339 1301 qnalibet

212 1327 296 1394 festa
316 1328 567 1416 apostolorum,
589 1328 649 1394 sed
668 1334 803 1394 tantum
826 1327 887 1394 illa
910 1325 1034 1416 quibus
1057 1325 1247 1392 celebratur
1265 1327 1338 1392 dies

210 1465 277 1531 quo
303 1441 466 1531 apostoli,
494 1463 555 1530 per
580 1448 726 1508 mortem
752 1441 992 1530 temporalem,
1021 1439 1115 1506 nasci
1142 1449 1338 1506 meruerunt

208 1557 244 1620 in
263 1555 373 1636 eaelis3
395 1555 474 1620 hinc
493 1555 657 1622 natalitiis
671 1555 903 1644 apostolorum
917 1577 985 1619 non
1001 1561 1198 1618 accensetur
1212 1553 1337 1619 festum

210 1669 388 1734 Cathedrae
411 1669 447 1736 S.
470 1669 581 1752 Petri,
602 1669 760 1734 Romana
784 1675 844 1735 aut
866 1667 1102 1752 Antiocheno,
1124 1691 1187 1734 nec
1211 1667 1336 1734 festum

209 1783 244 1848 S.
267 1782 361 1848 Petri
384 1783 421 1848 in
446 1783 613 1869 Vincula,
635 1805 698 1849 nec
722 1782 847 1849 festum
871 1781 906 1848 S.
928 1781 1071 1849 loannis
1094 1790 1171 1847 ante
1195 1783 1337 1848 Portam

207 1896 384 1981 Latinam,
405 1919 470 1963 nec
493 1896 619 1963 festum
644 1897 878 1963 Conversionis
896 1896 933 1963 S.
955 1896 1064 1962 Pauli.
1086 1934 1131 1946 —
1149 1897 1335 1984 Apostolo-

208 2033 283 2075 rum
308 2017 421 2076 antem
447 2010 544 2076 lestis
568 2012 798 2078 accensuerim
822 2011 947 2076 festum
971 2009 1006 2076 S.
1029 2007 1207 2093 Barnabae‚
1234 2034 1336 2100 quem

207 2121 354 2211 Spiritus
384 2123 531 2190 Sanctus
558 2124 631 2214 ipse
660 2125 855 2212 segregavit
880 2133 915 2191 et
940 2124 1034 2190 misit
1059 2148 1137 2190 cum
1163 2125 1198 2191 S.
1229 2125 1335 2191 Paulo

208 2238 321 2326 (Act,
338 2257 413 2320 xm,
426 2236 480 2326 2),
495 2244 529 2304 et
544 2261 646 2326 quem
657 2238 809 2304 Ecclesia
822 2238 1027 2304 universalis
1039 2239 1176 2304 nomine
1190 2246 1226 2304 et
1239 2239 1335 2304 cultu

205 2351 439 2438 apostolorum
457 2350 614 2418 honorat.
632 2351 731 2418 Unde
750 2352 852 2418 etiam
871 2352 906 2419 S.
929 2353 1071 2418 Rituum
1091 2353 1331 2441 Congregatio‚

207 2463 260 2530 dic
285 2466 327 2532 30
346 2465 425 2554 julii
449 2487 504 2532 an.
532 2465 635 2548 1901,
662 2465 812 2532 decrevit
838 2467 963 2532 festum
988 2467 1025 2534 S.
1052 2465 1215 2532 Barnabas
1239 2465 1274 2530 in
1297 2489 1333 2530 re

207 2577 365 2664 liturgica
390 2577 640 2667 praelerendnm
673 2602 748 2645 esse
776 2579 851 2646 aliis
882 2579 995 2662 festis,
1024 2580 1146 2646 ceteris
1176 2577 1331 2667 paribus,

207 2693 336 2758 ratione
362 2693 540 2778 dignitatis
566 2695 786 2781 apostolicae¹.
812 2694 997 2761 -Sancti
1022 2702 1137 2760 autem
1164 2695 1273 2760 Lucas
1300 2700 1334 2758 et

207 2805 343 2871 Marcus
361 2829 430 2872 non
450 2813 531 2873 sunt
550 2808 712 2896 apostoli,
735 2809 795 2875 sed
815 2809 1045 2895 evangelistar.

252 3033 320 3122 95.
358 3073 403 3086 -
439 3037 633 3124 Tempora
674 3036 969 3107 ordinationum
1005 3037 1136 3126 quoad
1172 3037 1333 3106 ordinas

159 3233 163 3246 Ι
207 3150 396 3218 minores.

255 3266 290 3326 l0
303 3263 340 3329 Si
358 3270 481 3352 agatur
499 3264 540 3330 de
554 3267 674 3352 paucis
693 3273 751 3332 aut
769 3269 901 3354 aliquot
919 3273 1054 3333 tantum
1074 3266 1270 3332 ordinandis
1290 3265 1333 3331 ad

208 3376 344 3443 ordines
363 3378 525 3462 minores,
542 3380 709 3447 ordinatio
725 3382 797 3447 fieri
816 3388 930 3471 potest
944 3382 1063 3447 diebus
1079 3383 1255 3447 dominicis
1274 3387 1334 3445 aut

207 3493 337 3576 festivis
362 3494 403 3558 de
423 3503 604 3580 praecepto.
630 3535 674 3546 -
698 3497 866 3564 Constat:
895 3495 926 3561 l.
953 3495 1037 3584 Cap.
1063 3497 1112 3561 Do
1137 3518 1191 3582 eo,
1218 3497 1255 3579 3,
1282 3496 1333 3561 Dn

207 3624 301 3670 nnus.
331 3625 421 3689 cun,
449 3605 485 3671 in
511 3629 578 3696 quo
604 3607 687 3674 dicit
711 3609 908 3675 Alexander
933 3607 1007 3675 lIl:
1039 3633 1055 3670 u
1076 3610 1127 3675 De
1153 3633 1193 3676 eo
1218 3617 1332 3676 autem

208 3717 299 3806 quod
314 3719 518 3807 quaesivisti,
535 3745 579 3786 an
594 3721 695 3788 liceat
709 3730 805 3788 extra
815 3722 947 3811 jejunia
962 3722 1115 3802 Quatuor
1129 3724 1333 3812 Temporum

208 3831 342 3922 aliquos
360 3833 396 3899 in
415 3833 583 3919 ostiarios,
601 3837 761 3920 lectores,
783 3837 986 3920 exorcistas,
1004 3837 1059 3903 vel
1078 3837 1256 3925 acolythos
1275 3844 1334 3903 aut

240 3999 249 4034 ¹
268 3999 316 4050 lid.
334 4001 476 4066 Hitmrpn,
492 4003 620 4064 Coloniae,
637 4009 706 4066 1668,
723 4021 750 4068 p.
766 4011 806 4054 97.
822 4034 852 4042 -
867 4005 911 4056 Sic
926 4005 953 4055 S.
965 4005 1121 4056 Boniiacius
1135 4021 1150 4055 a
1164 4007 1295 4070 Gregorio
1308 4006 1333 4054 ll

209 4077 303 4128 llomoe
322 4081 463 4130 ordinatus
482 4085 525 4132 est
543 4083 689 4146 episcopus
704 4083 748 4133 die
766 4084 792 4134 S.
807 4084 924 4134 Andreas
942 4083 1026 4147 sesto,
1047 4089 1078 4135 ut
1097 4087 1206 4134 constat
1224 4099 1258 4134 cx
1276 4085 1334 4149 ojus

209 4157 266 4207 vita
279 4171 295 4208 a
309 4157 472 4209 Willibaldo
491 4161 550 4224 ejus
568 4161 703 4225 discipulo
723 4163 834 4226 scripte.
852 4161 912 4212 Vita
926 4163 952 4214 S.
967 4162 1118 4226 Bonifscii,
1138 4179 1161 4212 c.
1177 4177 1228 4222 vn,
1245 4177 1271 4212 n.
1290 4167 1333 4224 21;

209 4235 314 4298 indigne,
329 4237 360 4288 P.
376 4237 415 4296 L„
432 4241 452 4288 t.
467 4253 575 4299 axum,
590 4241 642 4289 col.
656 4245 712 4292 618.
774 4247 779 4256 ’

240 4314 335 4364 'Acts
349 4315 375 4365 S.
390 4315 479 4376 Sedis,
495 4319 516 4366 t.
531 4333 620 4380 xxxiv,
636 4333 663 4382 p.
679 4323 733 4368 250.
