3248 5052
339 505 391 556 632
694 509 736 558 DE
756 507 862 560 SACRA
881 507 1108 558 ounlnanosu

340 647 385 706 Pii
404 647 464 708 PP.
483 648 524 706 lx
540 648 622 706 edita
638 648 688 708 die
707 653 742 708 r)
757 669 856 710 mens,
872 649 952 730 junii
969 650 1040 708 atini
1061 650 1150 720 1858,
1168 648 1281 728 quibus
1297 647 1466 727 superiori·

339 745 397 804 bus
423 741 567 802 ordinum
595 745 782 822 regularium
812 745 1012 825 prohibetur,
1036 767 1073 804 ne
1100 743 1218 802 litteras
1242 743 1466 801 dimissoriales

339 839 512 899 concedant
524 841 648 898 novitiis
661 849 714 900 aut
731 842 877 920 professis
891 851 1036 900 votorum
1051 841 1236 920 simplicium
1252 839 1463 908 triennalium,

339 936 453 996 adhoc
473 943 507 995 ut
529 937 619 995 titulo
639 939 831 1016 paupertatis
851 937 888 997 ad
910 939 964 998 SS.
982 937 1106 996 ordines
1126 937 1301 1016 promoveri
1322 935 1463 1006 valeant,

339 1031 455 1092 eadem
484 1031 701 1112 dispositiones
725 1033 939 1092 extenduntur
963 1034 1055 1093 etiam
1083 1033 1120 1092 ad
1148 1033 1289 1091 instituta
1317 1043 1464 1090 votorum

340 1127 543 1207 simplicium,
561 1129 602 1188 ita
619 1135 653 1188 ut
667 1129 778 1188 horum
795 1129 1009 1188 institutorum
1031 1129 1204 1208 superiores
1219 1149 1280 1186 non
1297 1129 1418 1206 possint
1434 1128 1464 1185 in

340 1233 498 1304 posterum
519 1223 638 1284 litteras
654 1225 873 1285 dimissoriales
889 1225 1060 1286 concedere
1076 1247 1132 1306 pro
1147 1227 1201 1284 SS.
1219 1224 1396 1290 ordinibus,
1415 1222 1464 1282 vel

339 1320 632 1402 quomodocumque
656 1321 694 1380 ad
719 1343 823 1394 saeros
847 1321 972 1382 ordines
996 1321 1138 1382 alumnos
1163 1341 1346 1399 promovere
1371 1319 1465 1378 titulo

339 1435 452 1476 mensae
472 1417 662 1488 communiS,
684 1417 733 1476 vel
754 1417 925 1490 missionis,
942 1419 998 1476 nisi
1019 1419 1080 1477 illis
1100 1425 1220 1477 tantum
1240 1417 1389 1485 alumnis,
1410 1417 1464 1496 qui

338 1521 412 1572 vota
430 1511 556 1594 quidem
577 1513 743 1592 simplicia,
761 1513 813 1573 sed
830 1522 996 1594 perpetua,
1011 1513 1075 1595 jam
1096 1515 1268 1582 emiserint,
1286 1521 1317 1572 et
1336 1512 1465 1591 proprio

338 1607 482 1666 instituto
504 1607 656 1667 stabiliter
678 1611 835 1688 aggregati
857 1610 991 1682 fueriut3
1015 1609 1063 1668 vel
1086 1609 1138 1690 qui
1161 1609 1270 1667 saltem
1292 1629 1348 1688 per
1371 1607 1464 1666 trien·

338 1703 423 1762 nium
448 1705 675 1782 permanserint
698 1706 728 1763 in
753 1707 834 1764 votis
859 1705 1050 1785 simplicibus
1073 1705 1281 1784 temporaneis
1303 1703 1404 1784 quoad
1429 1723 1464 1761 ea

338 1799 478 1859 instituta
495 1821 564 1880 qua¹
580 1801 660 1860 ultra
681 1801 848 1860 triennium
865 1809 1045 1882 perpetuam
1062 1802 1209 1860 differunt
1226 1799 1461 1879 professionem.

339 1895 506 1956 Revocatis
525 1896 563 1955 ad
585 1896 668 1956 hune
687 1899 831 1956 ellectum
853 1898 997 1958 omnibus
1018 1897 1146 1957 indultis
1164 1918 1201 1956 ac
1217 1895 1386 1976 privilegiis
1398 1895 1462 1976 jam

338 1991 474 2050 obtentis
490 2013 506 2051 a
522 1993 553 2053 S.
571 1993 666 2064 Sede,
683 1993 940 2074 dispositionibus
960 1994 1123 2054 contrariis
1143 1994 1174 2051 in
1195 1993 1376 2071 respectivis
1391 2012 1464 2050 con-

338 2087 553 2146 stitutionibus
568 2090 735 2159 contentis,
753 2091 809 2149 etsi
826 2090 903 2149 tales
918 2091 1156 2150 constitutiones
1174 2089 1288 2148 fuerint
1303 2109 1319 2147 a
1336 2089 1367 2146 S.
1384 2087 1464 2145 Sede

337 2183 509 2262 apostoliea
525 2185 716 2264 approbatae.

379 2279 419 2338 ll.
439 2280 520 2339 Hinc
541 2289 649 2340 notum
671 2283 710 2342 sit
730 2290 855 2361 oportet
874 2281 912 2341 de
933 2281 1067 2360 generali
1089 2281 1195 2360 regula
1216 2279 1299 2340 haud
1315 2281 1344 2338 in
1362 2288 1464 2360 poste-

338 2395 406 2434 rum
422 2375 635 2454 dispensatum
651 2377 704 2452 iri,
723 2387 757 2437 ut
777 2379 815 2437 ad
835 2379 968 2460 majores
989 2378 1113 2436 ordines
1133 2377 1276 2436 alumnus
1296 2398 1465 2456 cougrega-

339 2471 431 2532 liouis
455 2480 600 2532 votorum
629 2475 813 2534 solemnium
841 2481 1062 2554 promoveatur
1085 2474 1159 2553 quin
1186 2474 1270 2552 prius
1294 2474 1463 2532 solemnem

337 2567 563 2648 professionem
579 2571 731 2644 emiserit,
749 2570 798 2629 vel
815 2591 869 2649 per
883 2571 1038 2648 integrum
1060 2571 1227 2630 triennium
1248 2571 1278 2628 in
1294 2570 1374 2628 votis
1390 2569 1465 2627 sim-

338 2663 471 2742 plicibus
483 2667 741 2744 perseveraverit,
757 2667 781 2724 si
797 2665 941 2726 alumnus
957 2667 1100 2726 instituto
1117 2677 1260 2726 votorum
1277 2666 1463 2744 simplicium

338 2762 377 2820 sit
396 2759 550 2822 addictus¹
571 2762 714 2830 —Quod
734 2763 760 2822 si
781 2762 937 2822 interdum
958 2785 1051 2822 causa
1072 2763 1208 2840 legitima
1228 2771 1387 2832 occurrat,
1408 2783 1465 2820 cur

337 2858 491 2938 quispiam
507 2879 610 2918 saeros
626 2859 750 2918 ordines
770 2859 919 2940 suscipiat
934 2860 1069 2919 triennio
1088 2859 1225 2918 noudum
1241 2858 1382 2938 explete,
1400 2859 1464 2936 peti

338 2953 453 3034 poterit
468 2954 506 3013 ab
525 2955 696 3034 apostolica
712 2955 789 3014 Sede
805 2956 1010 3036 dispensatio,
1029 2965 1060 3014 ut
1077 2956 1208 3014 clericus
1224 2964 1295 3014 vota
1314 2955 1464 3014 solemnia

339 3070 519 3130 nuncupare
531 3051 629 3129 possit
642 3053 784 3133 quamvis
800 3073 862 3111 non
877 3051 1049 3132 expleverit
1066 3052 1244 3121 triennium,
1259 3051 1361 3132 quoad
1378 3051 1466 3109 insti·

339 3151 406 3204 tuta
421 3167 496 3204 vero
512 3154 656 3206 votorum
678 3147 881 3226 simplicium,
900 3155 933 3207 ut
950 3155 1022 3206 vota
1038 3147 1189 3225 simplicia
1211 3155 1359 3225 perpetua
1375 3147 1464 3204 emit-

338 3249 403 3300 tere
424 3243 535 3320 possit,
558 3244 700 3322 quamvis
721 3265 782 3302 non
803 3243 928 3322 expleto
948 3251 1088 3322 tempore
1109 3265 1124 3302 a
1146 3241 1309 3322 respectivi
1330 3242 1464 3302 instituti

339 3338 616 3398 constitutionibus
631 3340 814 3419 praescripto
834 3361 891 3417 pro
907 3339 1100 3418 professione
1117 3347 1262 3398 votorum
1277 3337 1463 3418 simplicium

338 3442 572 3512 perpetuorum.

379 3529 435 3588 lll.
453 3529 682 3610 Dispositiones
698 3539 854 3591 contentae
874 3533 904 3591 in
920 3531 1048 3592 decreto
1064 3533 1095 3591 S.
1115 3531 1150 3590 C.
1169 3530 1299 3591 Concilii
1312 3530 1402 3610 jussu
1417 3551 1463 3591 sa.

337 3645 397 3684 me.
421 3625 537 3685 Urbani
558 3627 631 3688 t'tlt
655 3627 739 3686 edito
758 3627 808 3688 die
833 3633 866 3687 nl
892 3628 1076 3708 septembris
1100 3627 1175 3686 1624
1198 3627 1343 3706 iucipien.
1365 3625 1465 3688 Sacra

338 3720 565 3804 Corrprepatio,
590 3743 625 3782 ac
647 3724 678 3782 in
701 3724 828 3784 decreto
849 3725 990 3806 ejusdem
1011 3725 1041 3785 S.
1061 3725 1096 3784 C.
1118 3725 1207 3804 jussu
1229 3745 1271 3782 sa.
1294 3744 1353 3782 me.
1372 3723 1466 3792 luno·

336 3819 429 3878 centii
445 3819 503 3876 Xll
520 3819 605 3880 edito
625 3819 674 3880 die
690 3821 728 3880 24
744 3842 839 3881 mens.
854 3821 924 3902 julii
946 3822 1017 3880 aurii
1037 3819 1126 3893 tout,
1149 3821 1294 3901 iucipien.
1310 3818 1464 3880 Instanti-

339 3911 411 3990 bus,
431 3935 466 3973 ae
481 3915 512 3973 in
528 3915 596 3974 aliis
612 3916 745 3976 decretis
761 3917 972 3996 generalibus,
991 3917 1104 3998 quibus
1120 3917 1286 3976 methodus
1300 3916 1466 3976 ordinatur

337 4029 354 4068 a
370 4009 582 4088 superioribus
601 4013 746 4072 ordinum
763 4013 952 4090 regularium
970 4013 1120 4074 servanda
1140 4013 1170 4071 iu
1187 4011 1378 4091 expellendis
1394 4033 1465 4092 pro-

337 4105 412 4185 priis
426 4106 572 4181 alumnis,
589 4108 702 4167 nedum
720 4109 751 4167 in
766 4130 822 4169 sua
837 4107 949 4170 robore
965 4117 1105 4181 manent,
1122 4107 1175 4168 sed
1190 4107 1351 4168 servandae
1367 4109 1465 4190 impo-

337 4210 454 4261 nuntur
481 4204 573 4263 etiam
600 4205 813 4284 superioribus
842 4207 1058 4266 institutorum
1086 4213 1229 4263 votorum
1257 4204 1461 4284 simplicium,

337 4298 459 4378 quoties
474 4308 585 4378 agatur
599 4299 638 4360 de
658 4300 762 4382 aliquo
777 4301 904 4362 alumno
921 4311 991 4362 vota
1013 4299 1162 4382 simplicia
1178 4299 1304 4381 quidem
1325 4300 1379 4360 sed
1396 4321 1463 4380 per·
