3316 5052
335 402 388 454 311
601 403 645 454 DE
664 404 804 456 LEGIBUS
823 405 938 456 SACRAE
956 404 1191 456 onnlnmonls

335 570 411 636 quae
426 547 475 612 eis
493 547 537 611 ad
555 547 662 612 vitam
681 549 941 614 sustentandam
956 550 1039 614 satis
1058 549 1139 614 sint.
1165 575 1183 610 »¹
1203 549 1253 613 De
1272 570 1340 636 quo
1358 547 1462 613 titulo

334 661 405 725 haec
425 660 597 726 dicenda:

382 779 416 838 t⁰
441 775 573 840 Titulus
588 777 806 860 patrimonii,
830 777 905 840 licet
932 776 1120 861 lepitimus,
1142 783 1192 840 est
1218 785 1330 842 tamen
1348 776 1462 841 subsi-

333 889 465 952 diarius
484 897 517 951 et
529 889 785 974 dispcmatious,
803 896 838 954 et
850 889 988 978 quidem
1007 889 1042 954 in
1062 889 1188 976 duplici
1212 911 1331 971 sensu;
1353 907 1458 954 nam:

336 1005 368 1068 1.
391 1003 426 1068 Si
450 1002 528 1090 quis
548 1001 691 1068 clericus
714 1002 838 1068 habeat
855 1002 1057 1069 beneficium
1084 1003 1271 1084 sufficiens,
1299 1009 1333 1068 et
1355 1003 1462 1091 patri-

334 1117 505 1198 monium,
525 1139 594 1180 non
620 1125 736 1204 potest
760 1117 908 1182 ordinari
931 1117 974 1182 ad
1000 1117 1139 1183 titulum
1163 1117 1372 1206 patrimonii,
1398 1116 1461 1182 sed

334 1228 436 1296 debet
454 1229 602 1294 ordinari
617 1229 660 1294 ad
678 1229 818 1295 titulum
833 1230 998 1296 beneficii.
1022 1231 1122 1296 Patet
1135 1255 1178 1296 ex
1193 1230 1336 1296 concilio
1349 1231 1458 1311 Trid.‚

334 1344 392 1408 cit.
423 1367 498 1432 cap.
530 1345 618 1408 Cum
647 1365 714 1408 non
738 1345 867 1428 deceat,
895 1344 954 1409 ubi
982 1352 1062 1410 ante
1091 1347 1204 1410 omnia
1232 1344 1388 1434 prohibet
1415 1367 1460 1409 ne

334 1457 410 1544 quis
437 1457 479 1522 ad
506 1480 620 1522 sacros
646 1458 781 1522 ordines
801 1466 1041 1546 promoveatur
1067 1488 1083 1520 ιι
1105 1460 1171 1524 nisi
1194 1460 1288 1548 prius
1307 1459 1459 1546 legitime

333 1578 468 1636 constet
491 1595 570 1637 eum
590 1571 791 1637 beneficium
820 1573 1088 1638 ecclesiasticum
1107 1573 1281 1660 possidere
1303 1593 1343 1655 »3
1369 1573 1460 1638 unde

332 1708 411 1750 cum
440 1691 559 1774 postca
575 1747 579 1755 ,
594 1686 774 1751 concilium
802 1687 971 1774 permittit
1004 1687 1187 1775 aliquando
1220 1710 1279 1752 eos
1312 1686 1459 1750 ordinari

333 1799 392 1886 qui
424 1799 666 1887 patrimonium
700 1798 843 1880 habent,
874 1823 942 1864 non
978 1808 1136 1866 censetur
1163 1801 1227 1865 hoc
1263 1801 1458 1888 permittere

223 1957 227 1966 ·
333 1913 399 1977 nisi
436 1914 609 1998 deficiente
650 1913 828 1998 beneficio;
865 1915 955 1979 unde
996 1914 1118 1980 titulus
1154 1914 1349 2003 patrimonii
1390 1936 1458 1978 non
1566 1927 1568 1930 ’

332 2028 526 2093 admittitur
551 2027 586 2091 in
615 2027 737 2091 clerico
767 2027 833 2091 nisi
858 2027 894 2092 in
918 2051 998 2092 casu
1017 2052 1084 2116 quo
1113 2052 1181 2093 non
1210 2027 1333 2094 habeat
1358 2026 1460 2097 bene-

334 2139 448 2204 ficium
472 2161 479 2207 :
501 2141 593 2228 quod
612 2141 740 2228 pluries
759 2142 936 2230 respondit
959 2143 995 2208 S.
1019 2143 1146 2228 Congr.
1168 2141 1330 2223 Consilii,
1353 2167 1385 2206 v.
1407 2165 1458 2228 g.‚

332 2255 367 2318 in
388 2253 531 2338 Sorano,
553 2255 596 2320 26
612 2257 684 2342 jan.
709 2255 811 2338 1669,
834 2257 922 2321 etin
943 2257 1171 2341 Camerinos„
1192 2257 1212 2320 l
1232 2279 1310 2342 aug.
1334 2255 1456 2336 1685st

332 2408 376 2417 —
405 2369 437 2434 2.
465 2367 500 2434 Si
524 2369 601 2456 quis
634 2367 757 2433 habeat
785 2370 1029 2456 patrimonium
1062 2369 1251 2450 sufficiens,
1282 2393 1351 2434 non
1384 2369 1459 2433 ideo

333 2483 483 2548 ordinari
512 2489 642 2571 potest,
666 2484 730 2547 nisi
756 2485 858 2548 etiam
878 2495 1059 2549 concurrat
1085 2487 1259 2549 necessitas
1289 2493 1349 2549 aut
1372 2507 1461 2549 corn-

334 2597 479 2660 moditas
497 2597 733 2680 ecclesiarum,
756 2597 847 2684 quod
867 2605 961 2684 patet
980 2598 1037 2663 cit.
1061 2605 1158 2663 textu
1176 2597 1322 2662 concilii.

379 2710 413 2773 2⁰
436 2711 481 2774 Ut
495 2711 746 2796 patrimonium
770 2713 954 2776 constituat
981 2713 1122 2776 titulum
1150 2711 1341 2796 lepitimum
1367 2711 1460 2775 ordi-

335 2826 481 2889 nationis
503 2848 617 2908 sacrae,
639 2824 736 2913 plura
757 2825 975 2913 requiruntur
997 2846 1004 2891 :

348 2929 350 2934 ¹
379 2939 423 3004 Α.
445 2939 555 3004 Utsit
575 2945 702 3003 verset
726 2949 802 3003 actu
818 2962 1035 3025 possessum:
1060 2939 1152 3028 quod
1169 2947 1264 3027 patet
1283 2963 1324 3004 ex
1349 2938 1460 3004 conci-

334 3053 380 3116 lio
399 3053 609 3133 Tridentino,
633 3053 837 3140 requirente,
855 3062 894 3119 ut
912 3055 1023 3118 visum
1044 3061 1108 3135 est,
1125 3054 1368 3141 patrimonium
1386 3075 1460 3116 oere

334 3189 354 3228 a
373 3166 502 3231 clericis
529 3167 687 3232 obtineri.
711 3167 799 3231 Hinc
825 3167 913 3232 bona
939 3170 1016 3233 ticte
1043 3167 1184 3248 donata,
1213 3167 1327 3230 futura
1354 3166 1459 3254 patris

336 3279 522 3362 hereditas,
554 3288 633 3361 etc,
662 3303 730 3344 non
759 3289 902 3368 possunt
935 3281 1143 3346 constituere
1171 3280 1309 3345 titulum
1347 3279 1460 3366 legiti-

336 3415 442 3458 mum.

382 3507 420 3571 B.
448 3507 493 3571 Ut
518 3507 605 3572 bona
636 3507 887 3594 patrimonialia
914 3508 994 3572 talia
1025 3509 1095 3572 sint
1121 3531 1195 3596 queo
1220 3507 1269 3572 eis
1289 3509 1333 3571 ad
1357 3508 1460 3570 vitam

334 3621 591 3684 sustentandam
609 3622 691 3686 satis
714 3601 802 3704 sint,·
822 3645 896 3708 queo
916 3629 996 3686 sunt
1015 3621 1088 3708 ipsa
1111 3620 1215 3686 verba
1235 3643 1330 3685 conc.
1352 3620 1460 3700 Trid.;

336 3734 408 3799 hae
428 3724 542 3799 autem
562 3733 764 3800 sufficientia
790 3735 978 3799 attenditur
996 3735 1094 3822 juxta
1122 3741 1236 3798 taxam
1262 3733 1461 3820 synodalem

337 3854 396 3913 aut
423 3847 702 3912 consuetudinem
730 3847 974 3927 dioecesanam,
996 3854 1034 3912 ut
1058 3846 1188 3911 dictum
1216 3854 1268 3912 est
1292 3847 1333 3910 de
1362 3846 1462 3912 titulo

337 3961 503 4027 beneficii.

369 4141 378 4172 ¹
397 4141 478 4203 Apud
491 4139 648 4196 Monacelli‚
664 4138 878 4196 Formutarium,
897 4141 915 4187 t.
933 4153 963 4196 ιι,
979 4139 1021 4186 tit.
1038 4153 1097 4196 xm,
1113 4137 1192 4186 torm.
1209 4141 1231 4196 3,
1249 4151 1276 4185 n.
1291 4141 1315 4194 6,
1331 4151 1358 4198 p.
1374 4139 1416 4192 7¹:
1432 4161 1466 4170 -

338 4219 372 4267 cl.
392 4219 512 4280 stipanti,
531 4218 579 4266 loc.
596 4217 651 4274 cit,
669 4233 694 4265 n.
713 4223 771 4274 111,
787 4233 814 4280 p.
829 4220 888 4276 tim
904 4243 934 4254 -
951 4217 1121 4274 honorante,
1138 4231 1161 4264 c.
1176 4231 1217 4274 ιιι,
1234 4219 1291 4264 not.
1307 4219 1334 4272 3,
1351 4228 1377 4275 p.
1391 4216 1430 4260 ⁴7.
