3238 5052
355 469 407 522 tto
694 472 737 520 DE
757 471 885 522 ulricus
906 473 1142 524 ouuln‘lrton'ts

355 615 537 704 corporali,
561 615 628 679 ritu
652 613 694 678 ab
714 616 877 703 apostolis
898 616 1107 694 introducto,
1131 619 1314 705 1·ecipiunt;
1339 621 1433 706 quod
1456 622 1484 684 si

355 730 519 794 omissum
548 729 664 810 luerit,
688 737 828 794 nonest
855 729 1071 817 aliquatenus
1097 731 1306 805 iterandum,
1329 735 1390 797 sed
1411 743 1485 799 sta-

355 851 430 909 tuto
459 851 611 932 tempore
642 844 685 908 ad
715 843 909 930 hujusmodi
942 845 1079 909 ordines
1110 846 1349 916 conferendos,
1381 857 1484 914 caute

355 958 600 1046 supplendum,
629 959 719 1046 quod
746 981 806 1045 per
832 981 978 1022 errorem
1008 960 1123 1025 extitit
1153 963 1433 1048 praetenuissum.
1468 995 1483 1022 »ι

355 1073 453 1152 Quod
481 1074 658 1161 supponit,
689 1081 833 1161 pergunt
860 1073 895 1136 hi
921 1074 1092 1153 doctores,
1123 1075 1376 1162 impositionem
1411 1100 1485 1142 ma-

355 1211 477 1268 nuum,
504 1189 538 1252 in
564 1188 616 1252 his
640 1187 929 1260 ordinationibus,
956 1212 1022 1252 nou
1047 1181 1122 1254 esse
1152 1191 1215 1253 nisi
1241 1191 1482 1268 accessoriam,

356 1309 428 1366 tum
448 1302 526 1389 quia
546 1301 671 1365 dicitur
691 1307 824 1365 tanturn
840 1301 1028 1388 supplenda
1049 1303 1092 1388 (si
1111 1303 1236 1367 omissa
1256 1303 1383 1386 fuerit),
1407 1311 1482 1368 tum

355 1417 434 1504 quia
454 1417 576 1480 dicitur
595 1414 637 1480 ab
657 1413 823 1502 apostolis
841 1415 925 1502 (non
946 1439 964 1478 a
985 1415 1137 1505 Christo)
1157 1417 1305 1482 inducta.

400 1532 497 1616 Itesp.
515 1553 527 1594 .·
549 1534 578 1594 l.
603 1529 790 1593 Fatendum
812 1538 876 1607 est,
898 1530 927 1593 si
946 1530 1045 1593 hodie
1065 1531 1241 1617 contingat
1259 1531 1372 1596 omitti
1391 1533 1482 1618 prio-

355 1670 426 1711 rem
446 1668 609 1708 manuum
625 1643 889 1730 impositionem,
916 1667 984 1706 non
1005 1651 1139 1708 tautum
1159 1645 1386 1732 supplendum
1405 1670 1483 1710 esse

356 1761 445 1825 hunc
465 1759 584 1835 ritum,
607 1758 667 1822 sed
687 1765 795 1822 totam
820 1757 933 1821 iterari
953 1756 1076 1822 debere
1098 1759 1363 1840 ordinationem,
1386 1762 1479 1847 quia.

355 1898 430 1939 cum
460 1874 574 1960 opinio
599 1874 643 1940 sit
669 1872 767 1936 hodie
791 1873 997 1950 communic,
1021 1873 1124 1937 ritum
1144 1873 1240 1937 illum
1266 1897 1341 1938 esse
1365 1897 1480 1940 essen-

354 1989 487 2066 tialem,
511 1988 578 2050 imo
606 1987 716 2050 solum
742 1985 976 2066 essentialem,
1004 1986 1063 2050 illo
1091 1987 1234 2068 missu,
1256 1995 1367 2052 cetera
1394 1990 1480 2052 nihil

354 2103 466 2167 valere
487 2102 631 2189 quisque
650 2107 797 2188 putaret.
821 2099 918 2166 Unde
938 2100 1118 2164 dicendum
1138 2109 1190 2166 est
1210 2101 1414 2188 Gregorium
1434 2103 1479 2166 lx

354 2217 413 2304 qui
448 2217 518 2278 herc
550 2213 719 2279 scribebat
752 2213 839 2278 circa
873 2236 1000 2278 annum
1034 2215 1136 2294 1232,
1161 2215 1246 2280 hanc
1273 2217 1481 2281 solutionem

354 2331 537 2419 practicam
578 2328 713 2392 dedisse
738 2329 836 2415 juxta
870 2327 1085 2415 disciplinam
1117 2331 1169 2394 sui
1202 2330 1381 2417 temporis,
1413 2354 1481 2418 quo

355 2445 459 2531 vulgo
479 2444 551 2530 jam
577 2441 760 2530 putabatur
787 2443 889 2506 ritum
914 2442 1012 2507 illum
1032 2467 1107 2508 esse
1128 2466 1218 2508 mere
1239 2444 1479 2510 accessorium.

354 2560 526 2636 Ceterum,
542 2565 578 2620 ut
592 2557 665 2644 ipso
681 2556 801 2644 capitis
817 2563 933 2621 tenore
945 2564 1051 2644 patet,
1068 2558 1252 2644 Gregorius
1265 2557 1349 2622 nihil
1363 2559 1481 2624 definit

354 2673 444 2762 quod
464 2672 505 2736 ad
525 2671 627 2736 fidem
647 2671 831 2758 pertineat,
855 2671 914 2735 sed
929 2679 1064 2736 tantum
1088 2673 1341 2759 disciplinarem
1365 2673 1483 2738 condit

354 2808 535 2864 canonem,
564 2824 604 2834 —
630 2785 661 2850 2.
690 2785 787 2864 Quod
812 2791 925 2849 autem
949 2784 1039 2851 dicat
1059 2785 1243 2872 Gregorius
1268 2787 1358 2852 hunc
1378 2789 1480 2852 ritum

355 2901 458 2965 luisse
491 2901 722 2965 introductum
760 2897 802 2962 ab
831 2899 1011 2986 apostolis,
1040 2899 1101 2964 hoc
1136 2923 1204 2965 non
1238 2910 1338 2965 nocet
1371 2903 1480 2966 tertia*

354 3015 520 3104 opinioni,
544 3016 639 3102 cujus
659 3015 825 3092 lautoreS,
846 3021 884 3076 ut
900 3013 1030 3078 dictum
1050 3021 1112 3094 est,
1131 3015 1275 3080 libenter
1294 3016 1481 3081 admittunt

354 3131 457 3195 ritum
478 3131 575 3194 illum
597 3129 662 3192 dici
689 3151 789 3214 posse
814 3127 991 3192 inductum
1012 3127 1054 3192 ab
1075 3129 1239 3216 apostolis
1254 3132 1481 3216 promulyan-

356 3245 458 3325 tibus,
469 3251 507 3308 ut
518 3244 616 3306 docet
627 3264 723 3307 conc.
737 3241 829 3306 Trid.
840 3241 881 3305 de
894 3251 1105 3307 sacramento
1115 3251 1275 3307 extremae
1293 3245 1480 3309 unctionis.

400 3358 442 3426 D.
471 3359 573 3422 Juxta
600 3355 784 3422 Merlinum
805 3355 878 3442 (qui
905 3363 1031 3436 tuetur,
1054 3355 1244 3420 ut'dictum
1264 3365 1332 3436 est,
1358 3380 1482 3422 secun-

354 3473 432 3536 dam
467 3471 695 3558 opinionem),
729 3469 908 3557 disciplina
944 3471 1058 3534 arcani
1091 3468 1251 3536 obstabat
1285 3493 1326 3535 ne
1358 3475 1482 3556 forma

354 3591 642 3652 sacramentorum
674 3583 903 3649 scriberentur
934 3586 968 3648 in
995 3583 1247 3673 pontificalibus
1278 3591 1336 3649 aut
1370 3609 1482 3650 sacra-

354 3699 545 3779 mentariis3
564 3723 655 3785 ergo,
679 3721 721 3762 ex
741 3722 779 3762 eo
795 3699 886 3786 quod
906 3699 964 3764 illa
986 3699 1092 3764 forma
1109 3719 1116 3764 :
1137 3699 1262 3784 Accipe
1276 3709 1479 3785 potestatem

354 3815 519 3900 offerendi
544 3814 750 3898 sacrificium
770 3813 855 3896 Deo,
885 3821 965 3895 ete,
990 3837 1065 3902 quse
1092 3814 1272 3880 comitatur
1297 3816 1482 3902 porrectio·

354 3953 434 3996 nem
462 3929 783 4008 instrumentorum,
815 3951 883 3992 non
910 3937 1063 3994 occurrat
1092 3929 1157 3993 nisi
1190 3927 1314 3994 saeculo
1348 3929 1482 3994 circiter

355 4045 503 4125 decimo,
530 4066 598 4106 non
625 4041 778 4130 sequitur
805 4066 879 4108 eam
907 4065 974 4107 non
1001 4051 1100 4108 antea
1124 4043 1277 4109 extitisse
1305 4067 1382 4109 cum
1408 4045 1480 4131 ipsa

356 4158 566 4247 porrectione
586 4157 891 4221 instrumentorum
902 4159 924 4221 ¹.

387 4287 395 4320 ¹
415 4287 522 4342 ltlcrlin,
540 4287 588 4334 tor.
603 4286 647 4333 cit.
