3316 5052
317 441 370 495 316
585 447 629 498 BE
648 446 787 498 LEGIBUS
805 445 920 496 SACRAE
938 443 1175 494 usururrlonrs

315 588 499 654 donatione
517 589 657 676 impleta
678 590 762 670 sint;
784 628 828 638 -
847 589 879 655 3.
902 587 940 653 In
958 595 1103 675 utroque
1123 609 1214 670 casu,
1232 609 1353 676 nempe
1368 589 1441 654 sive

317 702 388 790 ipse
403 703 612 768 ordinandus
632 702 713 784 sibi,
736 703 809 768 sive
832 702 986 768 extranei
1006 725 1139 767 sacrum
1158 701 1209 766 iIIi
1232 703 1441 768 constituant

316 815 570 902 patrimonium,
593 817 789 904 episeopus,
812 823 934 904 praeter
953 814 1146 903 supradicta
1165 839 1240 902 quae
1260 823 1340 880 sunt
1354 815 1440 903 juris

316 929 523 1008 communis,
545 931 657 994 varias
675 929 827 995 cautelas
846 926 1063 1017 praescribere
1082 935 1208 1014 potest,
1229 928 1352 1016 quibus
1371 952 1441 994 cer-

317 1042 384 1106 tius
404 1049 439 1107 et
457 1042 627 1108 efficacius
646 1042 782 1109 fraudes
801 1049 1039 1122 amoveantur;
1060 1042 1109 1108 sic
1125 1042 1328 1108 Benedictus
1343 1042 1438 1130 XIV,

313 1179 395 1220 oum
415 1165 486 1221 erat
500 1157 774 1246 archiepiscopus
794 1157 1035 1238 Bononiensis,
1057 1157 1154 1244 plura
1174 1156 1265 1222 hunc
1282 1157 1318 1220 in
1337 1157 1441 1222 finem

315 1271 535 1359 praescripsit,
566 1295 600 1337 v.
629 1295 679 1358 g.,
701 1271 789 1338 bona
815 1271 850 1335 in
883 1294 1018 1336 sacmm
1047 1271 1289 1359 patrimonium
1315 1271 1441 1336 consti-

315 1384 440 1449 tuenda
460 1383 625 1473 publicari
645 1385 679 1450 in
699 1385 841 1451 eeclesia
865 1384 1066 1472 parochiali,
1092 1384 1316 1450 ordinandum
1339 1384 1440 1450 emit-

316 1505 386 1562 tere
410 1497 660 1585 juramentum,
689 1500 757 1564 imo
787 1507 821 1566 et
849 1499 958 1564 audiri
988 1505 1093 1564 testes
1127 1498 1168 1564 de
1200 1499 1380 1564 existentia
1405 1505 1441 1564 et

316 1612 518 1677 sufficientia
540 1611 723 1696 bonorum,
745 1615 889 1680 veritate
908 1613 1113 1694 donationiS,
1135 1617 1229 1678 etc.¹.

361 1841 456 1909 141.
479 1881 524 1890 -
548 1843 584 1906 50
607 1842 726 1921 Quoad
754 1843 990 1908 alienationem
1017 1842 1212 1930 patrimonii
1242 1842 1329 1906 sacri
1356 1841 1440 1908 refe-

315 1955 419 2019 renda
445 1963 526 2020 sunt
549 1954 652 2022 verba
676 1957 810 2022 concilii
837 1957 943 2038 Trid.,
966 1957 1000 2021 in
1026 1957 1145 2021 eodem
1169 1955 1228 2021 cit.
1253 1977 1328 2044 cap.
1351 1956 1439 2020 Cum

316 2092 382 2133 non
401 2070 533 2151 deceat,
552 2077 629 2157 post
655 2070 759 2136 verba
786 2071 941 2161 superius
960 2071 1067 2136 relata
1095 2069 1146 2157 (n,
1178 2070 1277 2156 138,
1304 2070 1418 2157 initio)

314 2182 363 2246 sic
382 2183 493 2270 pergit
512 2185 723 2250 concilium:
752 2213 767 2245 o
790 2187 905 2274 Atque
931 2185 990 2250 illa
1015 2185 1275 2272 (patrimonium
1300 2191 1334 2248 et
1356 2206 1439 2272 pen·

315 2296 382 2384 sio)
399 2297 561 2385 deinceps
575 2301 647 2363 sine
668 2301 800 2364 licentia
813 2301 960 2385 episcopi
979 2299 1122 2364 alienari
1136 2307 1195 2363 aut
1214 2299 1369 2384 ostiaqui
1388 2299 1440 2362 vel

316 2411 467 2474 remitti²
496 2413 690 2478 nullatenus
709 2416 859 2499 possint,
885 2415 989 2478 donec
1018 2414 1219 2498 heneficium
1244 2413 1439 2478 ecelesiasti-

312 2547 392 2588 eum
410 2527 584 2610 sussiciens
602 2529 671 2592 sint
690 2529 815 2614 adepti,
836 2528 888 2592 vei
905 2528 1043 2593 aliunde
1063 2527 1209 2593 habeant
1229 2528 1318 2592 unde
1331 2529 1439 2592 viuere
1463 2592 1469 2606 ,

308 2640 457 2722 possint,
490 2641 708 2728 antiquorum
746 2665 914 2707 canonum
955 2665 1074 2730 poenas
1111 2665 1213 2729 super
1252 2641 1306 2706 his
1342 2642 1439 2706 inno-

313 2752 437 2818 vando.
462 2781 477 2814 n
506 2754 633 2822 Unde:
662 2759 692 2820 I.
722 2755 812 2821 Illud
830 2755 1046 2844 potissimum
1072 2763 1107 2820 et
1130 2756 1256 2820 directe
1279 2754 1439 2842 prohibe-

313 2873 406 2932 tura
430 2868 589 2950 coneilio,
616 2892 738 2956 nempe
762 2893 804 2935 ne
824 2871 999 2936 ordinatus
1027 2869 1129 2934 titulo
1155 2870 1348 2957 patrimonii
1373 2869 1438 2934 hoc

311 2981 554 3066 patrimonium
571 2983 643 3047 sine
663 2984 796 3048 lieentia
814 2985 958 3070 episcopi
977 2984 1119 3064 alienet,
1141 2991 1324 3069 antequam
1342 2983 1439 3048 aliud

314 3095 463 3159 medium
488 3097 742 3162 sustentationis
760 3099 901 3183 adeptus
926 3099 1054 3182 fuerit,·
1080 3098 1165 3180 imo,
1193 3098 1229 3162 in
1254 3097 1319 3164 hoc
1337 3119 1435 3179 casu,

312 3205 383 3272 haec
409 3208 585 3292 alienatio,
607 3211 687 3276 lieet
716 3212 803 3299 Iegis
831 3212 942 3277 ciuilis
965 3209 1239 3277 solemnitatibus
1266 3211 1436 3292 roborata,

311 3342 451 3406 prorsus
466 3323 560 3390 nulla
578 3332 647 3407 est,
668 3334 708 3392 ut
722 3327 924 3392 concludere
942 3332 996 3391 est
1013 3334 1087 3390 tum
1110 3348 1151 3390 ex
1177 3325 1342 3414 particula
1362 3325 1439 3390 nul·

314 3436 455 3521 tatanus,
485 3461 560 3525 quae
582 3447 739 3526 operatur
764 3439 958 3506 nullitatem
967 3441 990 3520 ³,
1011 3446 1086 3505 tum
1111 3462 1153 3504 ex
1168 3439 1437 3527 jurisprudentia

311 3547 345 3612 S.
363 3546 489 3636 Congr.
507 3549 627 3633 Cone,
640 3576 673 3616 v.
689 3576 739 3638 g.,
751 3553 786 3618 in
798 3551 1027 3618 decisionibus
1037 3575 1092 3618 an.
1107 3551 1206 3633 1638,
1220 3551 1319 3634 1652,
1331 3553 1433 3633 etc.‘;

311 3699 353 3710 --
375 3662 407 3727 2.
440 3663 476 3729 Si
503 3664 664 3750 praefatus
691 3665 867 3732 ordinatus
893 3665 1018 3731 alienet
1052 3665 1311 3752 patrimonium,
1338 3672 1436 3730 ante-

343 3864 349 3896 ¹
369 3864 532 3915 Benedictus
547 3866 619 3926 xlv,
634 3867 709 3928 ibid„
727 3883 753 3916 n.
766 3873 795 3916 20
810 3883 850 3930 sq.

341 3943 539 3992 ²Vocabulum
563 3944 681 3994 alienari
704 3948 820 3995 retertur
838 3947 929 4009 potius
949 3947 984 3994 ad
1007 3946 1213 4009 patrimonium3
1238 3945 1321 3994 verba
1342 3949 1434 3995 eutem

309 4022 436 4086 eatinpui
450 4027 477 4072 et
492 4023 596 4072 remitti
611 4025 799 4088 intelliguntur
812 4026 903 4086 potius
918 4026 951 4073 de
965 4025 1104 4086 pensione.

341 4101 407 4150 ³CI.
431 4101 563 4159 Barbam,
585 4102 622 4150 De
641 4103 807 4152 dictionibus
828 4101 1086 4166 ususrequentibus,
1105 4103 1189 4150 dictio
1208 4107 1267 4162 226,
1290 4129 1317 4138 -
1337 4101 1434 4150 Hono-

308 4183 399 4238 rante,
415 4179 526 4238 Prasia,
543 4183 605 4239 ctc.,
622 4195 645 4228 c.
661 4197 701 4240 m,
719 4185 775 4230 not.
790 4187 818 4240 2,
834 4197 861 4244 p.
876 4185 914 4230 13.

340 4262 350 4290 ⁴
367 4257 439 4313 Quas
454 4259 536 4307 refert
551 4258 714 4308 Benedictus
727 4259 799 4317 XIV,
812 4259 881 4306 Inst.
897 4257 990 4316 XXVI,
1007 4273 1033 4306 n.
1051 4261 1093 4311 28,
1110 4263 1149 4306 29.
