3316 5052
416 461 479 510 ,ΒΕ
499 459 762 521 Pnnusuulslrts
781 461 825 510 AD
845 459 1099 510 ΟΒΒΙΝΔΤΙΟΝΕΜ
1278 455 1331 506 327

204 627 280 669 earn
299 603 365 668 nisi
383 627 444 691 pro
468 628 535 669 uno
560 610 695 669 tantum
718 626 800 668 casu
819 627 920 691 quem
943 604 1016 692 ipse
1040 603 1209 690 exprimit.
1232 601 1329 668 Unde

204 717 330 783 sufficit
348 725 386 783 ut
402 717 585 784 habeamus
601 741 670 806 prae
689 718 797 783 oeulis
816 717 995 783 articulum
1011 717 1112 788 bullae
1127 716 1330 802 Apostolicae

202 831 309 897 Sedis.

248 947 282 1010 2⁰
297 946 379 1011 Pius
399 945 457 1026 lx,
476 947 510 1010 in
530 945 622 1011 bulla
638 947 667 1010 A
668 947 840 1033 postolicae
855 947 963 1030 Sedis,
976 946 1025 1010 De
1039 945 1326 1031 suspensionibus,

151 1041 157 1052 .
204 1083 239 1128 n.
261 1062 298 1142 3,
329 1061 378 1126 sic
408 1061 482 1126 ait:
513 1089 530 1122 n
552 1061 820 1148 suspensionem·
839 1083 905 1146 per
934 1083 1064 1125 annum
1092 1061 1135 1124 ab
1166 1060 1328 1125 ordinum

203 1176 496 1240 administratione
516 1177 586 1261 ipso
600 1179 685 1263 jure
701 1177 884 1240 incurrunt
899 1169 1135 1241 ordinantes...
1153 1171 1332 1262 subditum¹

203 1289 377 1378 proprium
396 1289 455 1378 qui
478 1289 560 1355 alibi
579 1297 674 1356 tanto
698 1297 850 1376 tempore
875 1296 1026 1354 moratus
1051 1289 1110 1368 sit,
1133 1294 1171 1352 ut
1189 1286 1329 1352 canoni-

204 1428 280 1470 cum
305 1404 586 1492 impedimentum
610 1405 809 1469 contrahere
829 1402 875 1468 ibi
894 1404 1059 1491 potuerit,
1080 1405 1207 1489 alisque
1228 1401 1328 1465 Ordi-

205 1520 293 1583 narii
312 1521 388 1605 ejus
409 1519 471 1584 loci
492 1520 613 1583 litteris
638 1519 930 1583 testimonialibus.
953 1545 968 1578 n
990 1519 1096 1606 Ergo,
1118 1518 1175 1604 qui
1195 1517 1330 1580 ordinat

202 1633 376 1722 proprium
391 1632 566 1698 subditum
586 1634 659 1698 sine
678 1633 851 1721 requisitis
866 1629 1167 1714 testimonialibuS,
1185 1653 1329 1718 suspen·

204 1771 262 1812 sus
281 1755 334 1814 est
352 1771 371 1812 a
391 1747 573 1813 collatione
593 1747 761 1812 ordinum.
783 1786 827 1795 —
846 1747 969 1813 Unde:

247 1886 278 1927 a.
301 1861 421 1941 Quoad
445 1863 655 1942 ordinantes,
683 1861 795 1947 agitur
818 1863 890 1925 sive
915 1862 956 1926 de
981 1862 1164 1948 episeopis,
1192 1862 1262 1925 sive
1287 1861 1329 1926 de

203 1975 383 2042 abbatibus
412 1975 591 2040 ordinandi
618 1975 778 2040 facultate
806 1975 974 2062 praeditis;
1005 1976 1188 2064 requiritur
1215 1983 1328 2041 autem

202 2091 388 2174 ordinatio,
410 2091 499 2155 unde
519 2112 588 2154 non
609 2090 785 2155 incurrunt
804 2113 956 2176 poenam,
978 2091 1036 2177 qui
1056 2089 1234 2155 conserunt
1252 2099 1328 2155 tan-

202 2213 276 2270 tum
290 2205 435 2292 primam
450 2212 626 2270 tonsuram
640 2204 728 2292 (quae
748 2226 815 2268 non
836 2211 888 2269 est
907 2204 1017 2290 ordo),
1034 2227 1097 2269 nec
1117 2205 1175 2292 qui
1193 2211 1328 2270 tontum

201 2317 285 2384 dant
318 2318 463 2384 subditis
496 2319 567 2384 suis
600 2318 808 2383 dimissorias
841 2326 879 2383 ut
912 2319 1126 2399 ordinentur,
1162 2320 1241 2407 quia
1272 2319 1327 2384 lex

200 2433 347 2521 poenalis
378 2433 494 2499 stricte
525 2432 747 2519 intelligenda
778 2440 846 2511 est,
880 2457 942 2498 nec
973 2433 1110 2498 extendi
1141 2441 1254 2521 potest
1284 2433 1327 2498 ad

200 2569 317 2612 casum
336 2547 438 2612 etiam
458 2547 616 2612 similem.

244 2661 278 2728 Ι).
301 2660 421 2741 Quoad
443 2661 552 2748 ipsam
572 2684 724 2747 poenam,
751 2670 803 2728 est
827 2663 1005 2749 suspensio
1028 2662 1105 2727 laten
1129 2664 1323 2746 sententies,

199 2783 235 2842 et
253 2775 391 2864 quidem
415 2799 434 2840 a
457 2775 638 2840 collatione
662 2777 815 2841 omnium
840 2778 1000 2841 ordinum
1022 2777 1118 2862 (lieet
1141 2801 1230 2843 unus
1248 2787 1326 2842 tan-

198 2896 273 2955 tum
293 2889 381 2954 male
401 2889 546 2954 collatus
562 2889 633 2975 sit),
651 2890 728 2978 quia
744 2890 799 2955 lex
814 2914 882 2954 non
898 2891 1109 2978 distinguit¹,
1127 2915 1195 2957 uon
1210 2901 1324 2958 tamen

197 3027 217 3070 a
246 3003 428 3068 collatione
452 3005 574 3088 primae
606 3011 768 3087 tonsuras,
800 3027 875 3092 quse
905 3028 974 3070 non
1005 3014 1058 3072 est
1089 3006 1189 3086 ordo;
1223 3030 1324 3093 poena

196 3123 311 3184 autem
331 3117 431 3182 durat
449 3139 510 3204 per
532 3139 660 3182 annum
683 3118 871 3206 integrum,
895 3143 961 3208 quo
986 3121 1114 3208 elapso,
1136 3121 1210 3209 ipso
1233 3121 1323 3187 sacto

194 3237 325 3310 cessat,
348 3231 437 3296 intra
455 3238 570 3296 autem
595 3229 685 3296 hunc
704 3254 849 3314 annum,
871 3241 1043 3300 reservata
1067 3241 1120 3300 est
1139 3236 1181 3302 R.
1203 3235 1322 3302 Ponti-

194 3343 266 3426 fici,
283 3352 323 3410 ut
341 3343 407 3410 fert
424 3345 497 3433 ipse
516 3351 633 3410 textus
651 3343 756 3410 bullae'
772 3365 779 3412 :
797 3345 1037 3432 Suspensiones
1058 3349 1132 3414 tata
1151 3354 1322 3417 sententiae

192 3458 230 3525 S.
261 3459 419 3543 Pontifici
447 3467 640 3542 reseruatae,·
668 3461 697 3523 si
727 3466 842 3526 tamen
873 3460 1035 3526 delictum
1062 3463 1106 3528 sit
1131 3465 1317 3550 occultum,

193 3595 294 3638 casus
317 3573 510 3638 continetur
533 3573 568 3637 in
592 3595 666 3660 cap.
688 3574 818 3658 Liceat,
841 3577 878 3654 6,
905 3598 988 3640 sess.
1016 3577 1138 3660 XXIV,
1160 3579 1211 3643 Dr
1231 3600 1317 3660 nun,

190 3687 228 3752 in
247 3709 342 3753 conc.
363 3687 573 3752 Tridentino.

238 3801 274 3867 3⁰
288 3801 456 3866 Remanet
474 3801 578 3866 etiam
597 3823 697 3888 poena
717 3825 818 3890 quam
838 3805 958 3870 statuit
978 3807 1159 3872 eonsilium
1174 3811 1264 3875 Trid.
1283 3811 1318 3876 in

223 3963 233 3996 ¹
252 3961 293 4011 Ite
312 3962 492 4012 communiter
511 3963 674 4026 interpretes
694 3965 751 4012 sive
771 3965 852 4014 bullis
871 3967 1034 4030 Apostolicae
1050 3969 1139 4028 Sedis,
1160 3973 1217 4020 sive
1237 3974 1318 4021 hulten

190 4041 388 4104 Speculatores,
397 4055 457 4103 quas
473 4042 566 4090 eadem
579 4041 694 4090 formula
709 4057 757 4090 usa
772 4048 822 4092 est.
835 4045 875 4094 Ct.
888 4045 1003 4105 Pistum,
1017 4049 1048 4097 In
1058 4053 1143 4099 const.
1157 4051 1319 4114 Apostolicae

189 4118 276 4177 Sedis,
291 4119 326 4167 de
340 4133 426 4182 susp,
442 4133 468 4167 n.
479 4123 503 4178 8,
517 4119 641 4178 Turnum,
655 4123 725 4172 1884.
739 4135 766 4183 p.
778 4126 838 4182 2953
849 4123 1022 4176 -Nouuette
1037 4143 1118 4178 reone
1132 4130 1316 4195 theotoqique,

191 4201 212 4246 t.
228 4212 283 4246 xvn
299 4200 357 4261 (un.
375 4197 460 4260 1885),
481 4211 507 4260 p.
524 4201 569 4246 496
584 4211 639 4260 sq.;
657 4225 688 4236 -
708 4199 874 4260 rennuens,
896 4201 927 4252 In
947 4207 1033 4254 const.
1050 4208 1212 4271 Apostolicae
1227 4208 1317 4266 Sedis,

191 4289 255 4338 app.
270 4279 312 4334 tt,
329 4275 436 4334 Romae,
452 4279 526 4334 1888,
542 4279 563 4326 t.
578 4291 610 4336 n,
627 4291 653 4339 p.
669 4281 724 4325 ³7⁴.
