3294 5054
346 1725 392 1778 DE
421 1723 679 1806 ORDINATIONE
709 1722 989 1777 RELlGlOSORUM
1019 1719 1200 1776 VOTORUM

668 1854 886 1908 SlilPLlCIUM

277 2327 294 2400 5
320 2329 352 2384 1.
377 2329 430 2386 De
454 2327 630 2401 episcopo
655 2327 810 2400 proprio
838 2303 959 2398 quoad
989 2325 1268 2384 ordinatlonem

556 2423 694 2480 horum
714 2421 991 2493 rellqlosorum.

632 2682 657 2746 l.
684 2683 743 2747 Jrs
767 2703 919 2748 comrcxs

261 2905 355 2973 177.
376 2943 420 2954 —
438 2905 511 2974 Jus
530 2923 738 2972 commune
757 2904 961 2972 asseritur.

260 3017 291 3081 1⁰
310 3017 423 3082 Error
437 3018 679 3104 quorumdem.
697 3055 741 3065 —
762 3017 920 3098 Quidam,
942 3017 1129 3104 praesertim
1150 3019 1239 3082 inter
1258 3018 1336 3082 reli-

214 3133 327 3218 giosos
347 3139 504 3196 votorum
525 3129 741 3218 simplicium,
763 3137 970 3218 putaverunt
990 3131 1178 3219 superiores
1198 3153 1337 3218 congre-

214 3245 389 3332 gationum
409 3245 558 3309 virorum
583 3267 659 3309 cum
687 3244 774 3308 votis
804 3243 1032 3332 simplicibus,
1056 3245 1177 3310 saltem
1201 3244 1337 3332 quando

214 3359 492 3448 approbationem
512 3381 530 3423 a
552 3357 637 3423 Sede
657 3358 842 3445 apostolico
863 3365 1074 3446 receperunt,
1096 3381 1213 3446 posse,
1231 3359 1338 3423 instar

214 3473 427 3560 superiorum
455 3471 677 3558 regularium,
704 3472 886 3536 concedere
915 3471 1060 3537 subditis
1087 3473 1157 3538 suis
1176 3471 1338 3560 professis

214 3587 346 3651 litteras
358 3585 568 3650 dimissorias
584 3585 626 3650 ed
642 3586 839 3672 episcopum
854 3585 1096 3668 dioecesanum,
1115 3587 1186 3652 sive
1202 3594 1339 3674 propter

215 3699 452 3764 auctoritatem
476 3721 542 3785 qua
568 3698 633 3786 ipsi
652 3697 783 3785 pollent
807 3699 841 3764 in
862 3699 1016 3765 subditos
1041 3724 1137 3782 suos,
1164 3701 1235 3765 sive
1259 3701 1339 3788 quio

138 3849 143 3858 ·
216 3813 355 3893 subditi,
378 3813 483 3877 semel
503 3835 558 3892 oc,
577 3813 710 3877 emissis
729 3814 836 3894 votis,
859 3814 997 3900 ascripti
1020 3821 1099 3879 sunt
1122 3814 1257 3879 familiae
1277 3815 1339 3878 ali-

216 3927 313 4014 cujus
332 3925 453 3990 domus
473 3925 638 4004 instituti,
661 3925 897 3991 subducuntur
916 3926 1168 4014 ajuridictione
1190 3927 1340 4014 episcopi

216 4039 355 4128 originis
367 4045 426 4104 aut
438 4037 731 4126 priorisdomicilii
747 4045 781 4104 et
791 4047 964 4128 ponuntur
979 4039 1043 4104 sub
1058 4041 1256 4106 auctoritate
1272 4041 1341 4130 epi-

216 4153 310 4241 scopi
329 4152 523 4218 dioecesani.
547 4151 597 4217 lta
616 4151 757 4240 putabat
773 4160 806 4218 et
825 4151 970 4234 dicebat,
993 4176 1048 4220 an.
1068 4153 1165 4234 1864,
1189 4156 1341 4241 superior

218 4267 385 4334 sodalium
405 4265 552 4332 instituti
573 4265 769 4348 Charitotis,
787 4267 821 4330 in
841 4267 979 4333 dioecesi
992 4267 1179 4348 Tarvisina‚
1197 4269 1247 4332 uti
1265 4290 1341 4332 nar-
