3316 5052
348 467 400 520 352
616 470 658 518 DE
677 468 814 519 LEGIBUS
836 467 948 518 SACRAE
968 468 1203 520 oaulufflouls

348 612 433 676 riatu
462 611 556 699 (νεὲΙ1
581 612 615 675 in
643 612 803 676 missione
823 611 877 675 cui
901 610 936 676 S.
959 609 1037 676 Sedi
1063 611 1119 676 vel
1143 611 1407 698 Congregationi
1427 612 1470 676 de

348 725 569 812 Propaganda
589 725 671 790 Fide
691 748 745 788 me
765 724 936 789 destinare
955 722 1133 812 placuerit)
1154 732 1316 812 perpetuo
1329 725 1364 789 in
1384 724 1470 789 divi-

347 839 398 902 nis
417 838 694 902 administrandis
718 837 868 902 laborem
896 860 1009 902 meum
1035 861 1074 902 ac
1098 860 1251 925 operam,
1274 837 1338 903 sub
1362 837 1471 902 omni-

347 953 445 1018 moda
478 952 664 1017 directione
693 959 726 1016 et
741 951 978 1038 jurisdictione
1008 951 1050 1018 R.
1083 952 1121 1016 P.
1154 952 1196 1017 D.
1225 975 1285 1040 pro
1316 960 1469 1040 tempore

345 1066 532 1146 Ordinarii,
559 1089 620 1152 pro
647 1065 756 1130 salute
782 1065 970 1129 animarum
999 1065 1210 1153 impendam3
1242 1065 1333 1152 quod
1366 1065 1468 1130 etiam

344 1179 524 1268 praestabo,
542 1179 583 1260 si,
606 1203 683 1244 cum
703 1179 872 1266 praedictae
891 1178 989 1244 Sedis
1009 1179 1202 1268 apostolicae
1222 1180 1370 1260 licentia,
1392 1178 1469 1243 reli-

344 1295 497 1380 gionem,
519 1294 716 1360 societatem
736 1300 794 1358 aut
809 1293 1109 1380 congregationem
1129 1293 1320 1380 regularem
1340 1294 1468 1379 ingres·

344 1430 402 1472 sus
422 1407 527 1486 luero,
549 1407 637 1471 etin
657 1429 772 1472 earum
791 1406 904 1495 aliqua
923 1405 1167 1494 professionem
1187 1407 1341 1473 emisero.

389 1549 405 1582 «
434 1501 519 1584 ltem
539 1542 647 1584 voveo
667 1527 702 1584 et
717 1519 794 1606 juro
815 1543 868 1584 me
888 1519 1087 1608 praedictum
1098 1521 1331 1607 juramentum
1346 1527 1380 1585 et
1394 1520 1466 1606 ejus

344 1634 587 1721 obligationem
616 1634 806 1720 intelligere
839 1641 873 1697 et
906 1633 1178 1699 observaturum.
1212 1634 1266 1699 Sic
1295 1657 1348 1698 me
1376 1634 1465 1698 Deus

343 1751 481 1836 adjuvet
500 1755 533 1813 et
553 1749 624 1812 haec
644 1756 762 1813 sancta
783 1747 845 1812 Dei
865 1748 1062 1833 Evangelia.
1088 1775 1103 1808 η

388 1862 534 1948 Expedit
563 1869 601 1928 ut
635 1861 699 1926 hoc
723 1861 957 1948 juramentum
990 1861 1164 1926 emittatur
1192 1884 1307 1926 coram
1338 1867 1464 1925 rectore

344 1976 515 2042 seminarii
544 1983 603 2040 aut
629 1973 763 2062 collegii
794 1975 849 2039 vel
881 1973 1056 2040 sacerdote
1087 1974 1130 2040 ab
1158 1997 1197 2040 eo
1227 1975 1400 2062 delegato,
1430 1979 1464 2038 et

343 2089 516 2176 exemplar
536 2089 670 2177 propria
691 2111 793 2154 manu
817 2088 995 2154 ordinandi
1015 2089 1244 2176 subscriptum
1268 2089 1310 2152 ad
1335 2088 1463 2176 episco-

343 2227 424 2291 pum
445 2204 610 2268 mittatur.

388 2319 425 2382 B.
459 2317 689 2402 Obligationes
717 2339 758 2380 ea·
785 2317 847 2381 lece
864 2319 1067 2403 juramento
1096 2326 1190 2384 ortae.
1224 2355 1267 2366 —
1297 2315 1343 2382 Ut
1371 2321 1462 2403 patet

343 2433 414 2521 ipso
435 2431 621 2518 juramenti
646 2437 778 2512 tenore,
800 2431 976 2496 ordinatus
993 2431 1109 2518 plures
1134 2429 1358 2517 obligationes
1382 2451 1462 2494 eon-

342 2546 473 2612 trahit:

267 2635 272 2648 ⁸
386 2685 416 2724 a.
439 2659 485 2726 Ut
518 2681 586 2722 non
606 2657 828 2744 ingrediatur,
868 2659 939 2722 sine
971 2658 1107 2743 speciali
1139 2659 1235 2723 Sedis
1263 2657 1463 2743 Apostolieae

343 2775 491 2856 licentia,
518 2770 704 2861 quemlibet
733 2771 886 2836 ordinem
921 2771 1134 2857 regularem;
1165 2772 1256 2837 unde
1285 2771 1357 2836 haec
1385 2793 1461 2858 pars

336 2887 520 2974 juramenti
539 2894 591 2951 est
611 2907 763 2970 expresse
782 2885 863 2951 Scdi
882 2887 1076 2972 apostolieae
1095 2894 1278 2952 reservata.

384 3003 418 3065 b.
447 3001 492 3068 Ut
507 3008 689 3085 perpetue,
717 3000 781 3064 sub
807 3001 999 3065 omnimoda
1013 3001 1254 3086 jurisdictione
1275 3000 1459 3083 Ordinarii,

341 3138 478 3202 operam
498 3137 595 3179 suam
614 3119 717 3178 navet
729 3114 764 3178 in
779 3113 917 3178 dioecesi
932 3115 987 3179 vel
1002 3115 1183 3196 vicariatu,
1203 3115 1257 3179 cui
1277 3113 1458 3194 addicitur;

339 3229 429 3294 unde
449 3229 563 3308 etiam,
580 3227 614 3292 vi
630 3227 781 3314 ejusdem
796 3227 994 3314 juramenti,
1012 3229 1156 3293 transire
1176 3228 1293 3316 nequit
1308 3228 1342 3292 in
1362 3227 1462 3292 aliam

339 3342 524 3423 dioecesim,
546 3341 600 3406 cui
619 3341 862 3429 incorporetur,
880 3349 939 3406 aut
957 3343 1089 3428 ingredi
1107 3342 1141 3406 in
1166 3343 1462 3430 congregationem

340 3465 495 3521 votorum
517 3455 739 3543 simplicium;
766 3456 820 3520 hic
839 3477 962 3542 nempe
981 3457 1146 3522 transitus
1170 3457 1308 3521 omnino
1332 3463 1463 3544 pugnat

338 3594 416 3636 cum
442 3568 649 3656 obligatione
671 3578 837 3655 perpetuo
865 3571 1084 3636 ministrandi
1112 3572 1305 3656 inproprie
1332 3571 1462 3634 dioecesi

338 3686 402 3750 sub
433 3684 626 3748 omnimoda
649 3684 892 3769 jurisdictione
924 3683 1110 3750 Ordinarii.
1142 3725 1186 3734 -
1210 3685 1290 3749 Hoec
1324 3684 1461 3772 quidem

338 3821 416 3886 pars
440 3796 626 3884 juramenti
650 3819 718 3860 non
745 3819 897 3882 expresse
921 3804 973 3862 est
997 3805 1167 3863 reservata
1193 3798 1228 3864 S.
1256 3798 1351 3878 Sedi;
1373 3805 1461 3862 atta-

338 3934 415 3976 men
444 3910 561 3996 negari
580 3909 699 3997 nequit
722 3932 797 3975 eam
821 3911 947 3999 pariter
971 3933 1046 3977 esse
1072 3919 1279 3977 reservatam
1303 3912 1338 3978 S.
1367 3910 1458 3991 Sedi,

337 4027 383 4091 ita
409 4032 447 4090 ut
479 4022 550 4088 sola
578 4023 613 4088 S.
645 4022 767 4103 Sedes,
790 4030 847 4088 aut
868 4023 902 4089 S.
926 4023 1153 4113 Congregatio
1173 4025 1216 4090 de
1236 4023 1460 4112 Propaganda

369 4187 377 4220 ¹
395 4185 477 4233 Juxta
489 4185 561 4232 hunc
573 4184 687 4232 alterum
699 4185 808 4232 modum
821 4185 913 4247 jurare
928 4185 1037 4245 debent,
1049 4187 1094 4248 qui
1106 4187 1226 4234 nondum
1242 4186 1321 4235 alicui
1337 4187 1462 4235 missioni

337 4265 437 4313 addicti
452 4263 560 4311 luerint.

666 4427 710 4460 N
