3294 5054
416 472 461 522 DE
479 471 741 533 maenianis
759 473 804 524 An
823 471 1077 524 onnnvfflonnn
1257 467 1312 521 ³0³

182 613 363 700 indignum
392 621 451 679 aut
473 614 672 701 incapacem
697 615 784 679 sacri
813 615 1007 695 ministerii,
1030 614 1089 700 jus
1112 613 1240 679 amittit
1266 612 1312 676 ad

185 727 488 808 sustentationem,
509 736 544 794 et
568 728 693 794 idcirco
711 751 783 792 non
807 729 954 817 amplius
977 735 1111 794 tenetur
1129 728 1311 816 episcopus

182 841 237 905 illi
254 840 407 930 praebere
425 841 600 908 alimenta.
622 881 666 892 -
685 843 785 908 Ratio
805 851 857 908 est
877 844 957 931 quia
980 844 1016 908 in
1039 843 1096 908 bis
1116 843 1189 908 sine
1208 839 1309 906 titulo

180 955 457 1022 ordinationibus
481 957 572 1022 inest
601 959 918 1044 quasi-contractus
944 957 1148 1046 implicitru3
1175 979 1220 1020 ex
1240 977 1309 1020 una

183 1069 276 1133 enim
303 1076 419 1156 parte,
446 1071 588 1158 suscipit
620 1071 798 1158 episcopus
827 1071 1074 1157 obligationem
1094 1067 1310 1136 sustentandi

180 1183 362 1264 clericum3
378 1205 421 1248 ex
434 1184 541 1249 altera
552 1191 660 1272 parte,
676 1186 823 1273 suscipit
834 1185 978 1250 clericus
990 1185 1236 1272 obligationem
1248 1183 1310 1246 mi-

183 1297 351 1362 nistrandi
383 1297 422 1362 in
445 1297 599 1376 dioecesi,
621 1322 691 1363 non
714 1300 809 1364 enim
832 1299 1014 1387 episcopus
1036 1298 1134 1363 illurn
1153 1297 1310 1362 ordinare

184 1411 351 1492 intendit,
370 1411 438 1476 imo
457 1434 519 1476 nec
538 1413 695 1478 ordinare
712 1420 843 1500 potest,
867 1415 935 1478 nisi
953 1435 1020 1498 pro
1040 1414 1233 1478 necessitate
1250 1420 1309 1476 aut

184 1525 331 1590 utilitate
349 1547 492 1590 auarum
511 1527 743 1610 ecelesiarum,
765 1527 812 1592 ita
835 1535 874 1592 nt
897 1527 1127 1593 ministerium
1144 1550 1165 1590 a
1186 1525 1310 1591 clerico

106 1661 110 1669 ¹
182 1645 304 1726 postea
335 1639 583 1725 praestandum,
612 1640 677 1721 sit,
704 1663 748 1705 ex
777 1648 876 1728 parte
898 1641 1065 1729 episcopi,
1100 1663 1181 1705 vera
1207 1662 1310 1704 causa

180 1752 495 1840 quasi-contractus
514 1754 682 1840 praedicti3
706 1755 735 1818 si
760 1778 840 1840 ergo
860 1755 1019 1838 clericus,
1041 1757 1184 1841 propria
1209 1755 1308 1839 culpa

180 1869 292 1950 pravi,
315 1889 351 1931 se
380 1867 499 1932 reddat
527 1867 712 1932 inhabilem
738 1867 868 1933 adhoc
893 1869 1119 1934 ministerium
1143 1876 1308 1957 praestan-

179 1979 281 2060 dum,
304 1988 414 2045 cessat
434 2003 535 2046 eausa
554 1983 873 2070 quasi-contractus,
892 1991 925 2048 et
944 1983 1085 2071 proinde
1101 1984 1203 2049 etiam
1222 1981 1308 2046 obli-

181 2095 276 2179 gatio
296 2094 447 2183 episcopi
461 2095 504 2160 ad
524 2097 819 2162 sustentationem.
836 2135 881 2148 -
900 2096 1047 2176 Quando
1065 2121 1145 2162 sane
1165 2097 1308 2162 clericus

181 2207 336 2272 redditur
366 2209 409 2272 ad
437 2209 665 2274 ministerium
689 2210 851 2276 inhabilis
875 2221 1058 2296 senectute,
1089 2213 1223 2294 morbo,
1250 2219 1309 2276 aut

178 2321 251 2385 alio
271 2321 375 2386 simili
394 2323 655 2410 impedimento,
678 2347 747 2388 non
767 2333 881 2390 cessat
902 2327 1221 2413 quasi-contractus
1247 2349 1308 2392 nec

180 2433 347 2522 obligatio
376 2436 543 2525 episcopi,
574 2437 626 2502 hre
657 2439 748 2502 enim
776 2440 1030 2505 vicissitudines
1058 2449 1139 2506 sunt
1171 2442 1208 2506 in
1235 2443 1309 2530 ipsa

181 2573 295 2614 rerum
321 2557 458 2632 natura,
482 2559 515 2614 et
541 2553 682 2638 proinde
701 2553 951 2641 praevidentur,
971 2563 1028 2620 aut
1052 2555 1230 2644 praevideri
1249 2556 1308 2620 de-

180 2663 280 2744 bent,
312 2671 346 2728 et
383 2671 551 2729 contentae
589 2674 771 2731 censentur
808 2668 843 2732 in
876 2669 950 2756 ipso
984 2671 1309 2756 quasi-eontractu;

180 2778 273 2842 unde
299 2785 451 2842 remanet
478 2801 578 2842 eausa
603 2779 703 2868 hujus
728 2783 1065 2868 quasi-contractus,
1092 2791 1125 2848 et
1145 2783 1307 2870 obligatio

181 2891 343 2979 episcopi.
367 2891 482 2978 Longe
506 2915 586 2956 vero
611 2893 709 2959 aliter
729 2919 765 2959 se
790 2919 843 2960 res
871 2896 989 2978 habet,
1010 2898 1039 2962 si
1063 2897 1205 2962 clericus
1229 2921 1308 2985 pro-

181 3005 256 3091 pria
275 3027 335 3069 sua
355 3007 454 3092 culpa
477 3007 573 3092 gravi
594 3031 629 3072 se
649 3008 768 3072 reddat
791 3007 977 3074 inhabilem
1001 3012 1045 3076 ad
1062 3013 1306 3095 ministerium;

182 3117 254 3180 herc
275 3117 365 3180 enim
393 3141 505 3182 rerum
525 3119 728 3185 vicissitudo
754 3145 823 3185 non
851 3125 1071 3212 supponitur,
1100 3148 1161 3190 nee
1188 3127 1309 3213 praevi-

178 3231 295 3312 detur,
316 3232 387 3295 imo
406 3233 613 3320 praevidetur
634 3257 822 3322 numquam
841 3237 1007 3320 extitura;
1028 3240 1057 3303 si
1076 3241 1168 3303 enim
1185 3241 1310 3330 praevi-

179 3345 279 3436 deret
313 3346 491 3434 episcopus
516 3347 606 3411 hunc
640 3350 801 3414 clericum
832 3374 872 3414 se
891 3355 1175 3439 postea'propria
1208 3357 1308 3442 culpa

180 3460 281 3544 pravi
308 3459 521 3548 redditurum
551 3460 738 3526 inhabilem
771 3463 814 3528 ad
846 3465 1090 3548 ministerium,
1120 3491 1309 3558 numquam

180 3595 261 3637 eum
282 3573 452 3637 ordinaret
479 3597 587 3662 neque
617 3575 772 3641 ordinare
790 3586 918 3664 posset.
947 3580 1044 3646 Unde
1076 3583 1103 3646 si
1132 3583 1311 3670 contingat

180 3685 297 3772 gravis
321 3685 420 3773 culpa
451 3687 576 3770 clerici,
608 3709 683 3776 quae
712 3689 831 3756 reddat
858 3715 936 3756 eum
968 3693 1165 3772 inhabilem,
1197 3705 1308 3762 cessat

179 3823 285 3864 eausa
304 3799 639 3886 quasi-contractus,
664 3810 701 3867 et
722 3805 864 3890 proinde
895 3805 1058 3893 obligatio
1081 3811 1243 3898 episcopi.
1264 3851 1308 3862 -

180 3912 283 3993 Quod
311 3901 446 3999 egregie
474 3915 694 3980 confirmatur
723 3939 765 3980 ex
795 3917 849 3982 his
872 3942 948 4007 quae
977 3945 1079 4010 supra
1107 3925 1197 3990 dicta
1228 3933 1311 3991 sunt

179 4027 232 4112 (n.
256 4027 357 4112 145,
381 4028 428 4115 3⁰)
449 4028 491 4092 de
513 4027 765 4096 amissibilitate
782 4031 874 4097 tituli
902 4035 1093 4118 missionis,
1127 4039 1180 4102 cui
1209 4039 1310 4103 valde

179 4141 293 4206 allinis
313 4147 365 4204 est
386 4141 508 4206 titulus
528 4143 712 4229 implicitus
729 4147 858 4211 servitii
877 4149 1038 4234 diecests,
1065 4151 1107 4216 de
1126 4175 1193 4240 quo
1217 4175 1307 4217 nunc

181 4255 365 4341 loquimur.
387 4293 431 4304 -
455 4255 562 4322 Caute
586 4263 701 4322 tamen
730 4260 934 4343 notandum,
957 4271 995 4328 ut
1023 4265 1173 4354 episcopi
1197 4275 1308 4332 cesset
