3316 5052
353 443 408 496 m
624 443 668 494 DE
686 443 824 496 uncinus
845 442 958 496 SAGRAE
977 439 1214 494 ORDINATIONIS

356 587 446 652 unde
475 593 589 675 potest
612 586 796 675 episcopus
825 585 1012 652 concedere
1042 591 1081 650 ut
1112 607 1181 650 uno
1209 589 1246 648 et
1277 581 1396 647 eodem
1426 583 1482 646 die

355 708 501 790 quotuor
534 699 669 766 ordines
701 701 850 766 minores
883 699 1101 766 conserentur
1130 699 1166 763 io
1197 697 1326 785 duplici
1357 719 1440 762 casu
1472 717 1480 761 :

357 797 398 881 ts
421 814 569 894 Quando
598 814 699 880 adest
727 813 941 880 consuetudo
968 832 976 879 :
1009 813 1102 902 quod
1137 834 1198 901 per
1231 833 1269 876 se
1300 817 1412 898 patet,
1448 817 1482 874 et

355 929 448 1018 qood
480 951 600 994 ornnes
632 927 850 1009 edrnittont¹,
886 927 988 994 etiem
1022 927 1056 994 S.
1091 926 1220 1013 Coogr.
1253 926 1402 1006 Conc.';
1437 964 1482 974 -

355 1044 387 1108 2.
411 1041 555 1121 Quando
572 1041 673 1108 *adut
691 1065 794 1108 eausa
813 1042 990 1131 legitima:
1012 1041 1105 1130 quod
1121 1041 1213 1106 clare
1235 1040 1416 1106 deducitur
1440 1063 1481 1104 cx

354 1157 461 1222 relato
487 1163 601 1237 textu,
630 1179 673 1221 ex
695 1179 764 1244 quo
779 1161 884 1246 ‘patet
909 1155 1093 1221 concilium
1120 1153 1357 1220 Tridentinum
1384 1177 1481 1218 reno-

354 1293 454 1336 vasse
474 1269 617 1358 quidem
640 1271 817 1358 antiquom
842 1269 954 1356 legem
978 1268 1022 1334 de
1046 1291 1114 1334 ooo
1136 1267 1340 1356 recipiendo
1361 1267 1480 1332 eodem

354 1385 409 1450 die
427 1383 584 1472 pluribus
595 1381 774 1448 ordinibus
792 1381 997 1463 minoribus,
1014 1381 1076 1446 sed
1090 1403 1164 1446 enm
1183 1387 1292 1446 totam
1310 1379 1481 1444 remisisse

354 1496 494 1562 arbitrio
521 1496 692 1584 episcopi;
720 1495 769 1561 ito
792 1495 907 1583 opinio
931 1494 1138 1575 communis,
1166 1499 1314 1560 testante
1338 1499 1371 1558 et
1395 1513 1479 1557 con·

355 1611 525 1676 sentiente
550 1611 624 1698 ipso
645 1609 829 1674 Benedicto
848 1609 940 1691 XIV,
962 1615 1044 1674 tunc
1068 1607 1315 1688 Lambertinio,
1335 1613 1480 1671 secreto·

355 1724 405 1788 rio
432 1723 468 1790 S.
495 1723 625 1809 Congr.
649 1721 813 1802 Consilii,
844 1721 1090 1788 Adnotstiones
1117 1721 1290 1786 secretarii
1318 1721 1353 1785 in
1380 1741 1479 1784 censs

354 1837 562 1922 Coloritins,
578 1837 617 1902 21
635 1836 720 1902 febr.
741 1835 843 1918 1728,
860 1859 895 1901 n.
913 1837 965 1902 5³.
979 1835 1077 1902 Unde
1089 1835 1195 1900 etiem
1209 1833 1480 1900 concludendum

355 1959 424 2032 est,
446 1975 523 2016 cum
547 1951 685 2016 licentio
707 1950 875 2038 episcopi,
897 1949 1041 2015 conferri
1064 1972 1165 2037 posse
1183 1949 1302 2014 endem
1324 1948 1380 2014 die
1404 1956 1481 2012 ton·
1565 1996 1569 2004 .

356 2087 470 2129 suram
489 2071 523 2129 et
542 2071 689 2152 quatuor
706 2064 856 2130 minores
875 2063 1010 2130 ordines
1019 2067 1043 2131 ⁴.

400 2179 436 2244 30
448 2177 548 2257 ,luter
565 2177 799 2266 acolythatum
819 2185 853 2243 et
872 2177 1172 2258 subdiaconatum,
1190 2176 1374 2265 requiritur
1394 2199 1480 2240 unus

354 2314 475 2357 sonus.
502 2290 553 2356 lta
575 2315 686 2374 cono,
704 2292 771 2358 'cit
795 2315 869 2380 esp.
893 2292 1076 2358 Minores:
1097 2317 1114 2352 u
1141 2291 1186 2356 Hi
1209 2313 1289 2356 vero
1315 2290 1479 2376 (ordinati

354 2405 398 2470 ad
422 2406 587 2494 minores)
612 2429 681 2472 non
705 2405 773 2471 nisi
792 2414 872 2491 post
892 2427 1024 2472 ennom
1046 2428 1066 2472 s
1089 2405 1295 2490 susceptione
1313 2405 1479 2490 postremi

355 2521 484 2604 qredns
503 2521 677 2585 minorum
689 2521 852 2586 ordinum
868 2521 913 2584 sd
925 2541 1038 2584 sacros
1055 2521 1189 2584 ordines
1201 2527 1478 2604 promoveantur.

356 2635 420 2698 nisi
444 2635 619 2698 necessitas
632 2643 697 2698 sut
715 2634 856 2698 ecclesis
883 2633 1030 2716 utititas,
1046 2635 1180 2719 judicio
1204 2633 1365 2718 episcopi,
1384 2633 1481 2697 siiod

355 2755 522 2832 exposcet.
548 2775 564 2808 o

399 2863 433 2925 Ρ
453 2861 547 2926 inter
562 2859 847 2926 subdiaconatum
867 2867 901 2926 et
918 2861 1155 2942 diaconatum,
1177 2860 1359 2948 requiritur
1379 2862 1479 2926 etiam

356 2997 445 3040 unus
471 2997 592 3040 annus.
623 2974 677 3040 lca
704 2997 815 3056 conc,
845 2997 919 3062 cop.
952 2974 1175 3059 subdiaconi,
1205 2975 1263 3056 13,
1291 2975 1355 3062 loc..
1382 2977 1441 3040 cit.
1468 2997 1479 3040 .·

357 3088 549 3152 «Promoti
575 3088 618 3152 ad
640 3111 775 3154 sacrum
797 3088 1062 3154 subdiaconatus
1087 3088 1258 3170 ordinem,
1279 3089 1311 3154 si
1331 3112 1398 3175 per
1420 3111 1480 3154 so-

355 3224 440 3266 num
454 3203 577 3267 sellem
604 3203 639 3268 in
665 3224 702 3266 eo
722 3224 789 3267 non
811 3204 881 3267 sint
903 3203 1026 3268 cerreti
1031 3253 1041 3285 ,
1070 3203 1115 3267 sd
1135 3202 1294 3267 citiorem
1311 3204 1477 3288 qrodum,

358 3317 422 3380 nisi
452 3316 547 3380 atiud
579 3317 730 3402 episcopo
764 3317 935 3402 videatur,
965 3317 1142 3382 offendere
1175 3339 1241 3382 noo
1275 3318 1481 3402 permittan-

359 3437 428 3493 tur.
452 3456 468 3490 o

400 3544 436 3608 5⁰
454 3541 548 3608 inter
561 3543 779 3609 diaconatum
798 3549 833 3608 et
851 3542 1140 3631 presbyteratum,
1157 3544 1281 3610 iterum
1298 3544 1482 3634 requiritur

360 3679 447 3722 unus
471 3681 591 3724 onnus.
616 3656 665 3721 Ito
688 3679 802 3739 conc..
822 3679 898 3746 cop.
923 3655 988 3734 Qui
1002 3659 1076 3744 pic,
1100 3659 1157 3740 ii,
1180 3658 1242 3726 loc.
1263 3659 1320 3724 cit.
1340 3681 1356 3724 .·
1377 3685 1394 3719 e
1417 3657 1481 3738 Qui

358 3794 425 3835 non
449 3771 551 3836 modo
577 3771 613 3836 in
637 3770 822 3836 diaconatu
843 3771 889 3836 od
913 3774 1026 3836 minus
1048 3793 1178 3836 animm
1203 3773 1391 3857 inthrunn
1419 3773 1484 3836 nisi

391 3940 399 3973 ¹
418 3939 506 3989 Etiam
522 3940 632 3998 Hellier,
647 3939 697 3989 loc.
708 3939 764 3999 cit„
778 3940 823 4003 qui
833 3939 890 4003 jam
906 3953 955 3988 suo
967 3942 1093 4002 tempore
1104 3940 1244 4003 prrcsatom
1260 3940 1484 3988 consuetudinem

360 4019 449 4079 vigore
465 4020 590 4067 testatur.

390 4095 401 4130 ⁸
418 4095 448 4144 In
463 4097 572 4152 Luctus,
587 4101 616 4144 et
633 4097 695 4144 mcii
711 4101 781 4154 1597,
797 4095 1001 4158 spadonatui,
1017 4096 1066 4145 loc.
1078 4095 1123 4144 cit.

390 4174 401 4208 ³
422 4172 577 4222 Thesaurus
588 4174 616 4222 S.
633 4175 661 4223 G.
676 4175 715 4232 C„
732 4177 751 4223 t.
767 4189 804 4232 rr,
819 4189 846 4237 p.
863 4179 916 4223 163.

391 4254 401 4288 ⁴
419 4251 578 4316 Schmolzg„
594 4253 621 4300 in
637 4253 677 4302 tit.
693 4251 732 4301 Dc
746 4256 825 4316 temp.
841 4253 911 4311 ord,
929 4269 954 4303 o.
969 4259 1006 4302 12.
