3238 5052
320 500 371 554 478
658 503 702 552 DE
722 502 851 552 ulricus·
871 503 1106 553 onuiniriouis

360 649 444 711 238.
460 683 499 690 -
514 647 701 708 Ordinatio
720 648 936 726 presbytcri.
952 683 991 689 κ
1007 647 1098 706 Ritus·
1119 655 1213 706 sunt:
1240 653 1265 707 l.
1284 647 1445 707 Archidia-

321 775 418 812 conus
434 753 541 811 recitat
558 752 723 810 formulam
740 769 747 808 :
765 750 876 812 Gratia
892 751 1023 812 Domini
1037 751 1162 829 Nostri,
1179 761 1254 821 etc.;
1270 789 1311 798 —
1326 759 1354 813 i.
1374 755 1445 834 Epi·

321 879 433 938 scopus
449 857 580 936 imponit
597 877 722 916 inanum
738 878 824 916 suam
841 877 935 937 super
949 865 1042 938 caput
1063 857 1244 932 ordinandi,
1261 859 1352 917 simul
1368 860 1443 918 reci-

320 971 389 1022 tans
397 963 522 1040 longam
533 963 705 1020 orationem
717 963 990 1034 consecratorum,
998 983 1090 1043 quam
1104 963 1265 1023 concludit
1273 985 1444 1023 conversus

320 1067 359 1126 ad
370 1067 533 1136 orientem,
546 1065 576 1125 id
592 1075 651 1138 est,
663 1065 702 1126 ad
717 1067 832 1139 altarc;
849 1103 888 1110 -
897 1067 927 1126 3.
941 1068 1073 1127 Demum
1086 1067 1202 1148 pluries
1215 1069 1317 1146 signat
1330 1068 1445 1148 pollice

320 1191 377 1232 suo
393 1171 528 1230 frontem
543 1171 695 1242 ordinati,
712 1192 846 1253 cumque
862 1172 941 1232 stola
957 1171 1057 1231 induit
1070 1173 1091 1232 ¹.

359 1375 444 1438 239.
465 1411 504 1418 -
528 1376 715 1437 Ordinatio
737 1375 891 1436 diaconi.
913 1409 953 1420 -
977 1375 1068 1434 Ritus
1091 1383 1165 1434 sunt
1189 1376 1283 1436 iidem
1307 1398 1342 1436 ac
1367 1378 1447 1436 ritus

321 1479 572 1560 presbyteratus;
595 1480 752 1538 orationes
777 1487 898 1540 tantum
923 1487 1051 1540 mutatec
1076 1489 1164 1551 sunt,
1187 1489 1220 1540 ct
1243 1481 1313 1542 loco
1336 1482 1443 1549 stolae„

321 1583 457 1644 traditur
471 1605 554 1644 novo
568 1583 701 1644 diacono
716 1583 881 1644 aunarium
892 1583 915 1644 ².

357 1789 442 1850 240.
457 1822 497 1830 -
511 1787 699 1850 Ordinatio
717 1787 940 1850 subdiaconi.
953 1823 993 1832 -
1009 1787 1100 1847 Ritus
1119 1795 1214 1850 sunt:
1236 1795 1261 1847 l.
1278 1789 1445 1848 Archidia-

317 1913 414 1950 conus
434 1891 545 1950 recitat
564 1889 730 1950 formulam
753 1889 865 1951 Gratia
881 1891 1012 1950 Donu'ui
1025 1891 1153 1968 Nostri,
1172 1900 1250 1966 etc.;
1267 1927 1306 1938 —
1321 1897 1350 1952 2.
1368 1893 1445 1973 Epi-

317 2017 430 2076 scopus
446 2021 461 2050 «
477 2002 562 2054 tanet
578 2003 748 2075 tempora»
765 1996 945 2066 ordinandi,
965 1997 1120 2077 simulque
1140 1998 1249 2058 recitat
1269 1999 1443 2058 orationem

317 2099 595 2174 consecratorum,
612 2121 705 2181 quarn
721 2100 882 2160 concludit
901 2122 1070 2161 conversus
1091 2101 1129 2161 ad
1148 2102 1264 2174 altare;
1282 2139 1318 2148 —
1331 2106 1363 2161 3.
1382 2104 1445 2162 De-

317 2225 418 2274 nsum,
436 2212 509 2284 post
523 2205 608 2282 signa
625 2205 726 2264 crucis
742 2205 1043 2285 superordinatum,
1060 2205 1156 2266 tradit
1170 2208 1197 2266 ci
1214 2205 1351 2266 orarium
1365 2207 1387 2266 ³.

357 2411 441 2472 241.
468 2445 508 2454 -—
534 2411 722 2472 Ordinatio
750 2411 905 2472 lectorio.
929 2447 970 2454 -
996 2410 1089 2470 Ritus
1115 2419 1188 2470 sunt
1213 2421 1247 2471 ut
1274 2413 1440 2492 sequitur:

320 2520 346 2575 l.
369 2513 576 2573 Praemittitur
600 2513 727 2574 collatio
751 2515 859 2595 primae
884 2523 1039 2588 tonsurae3
1058 2551 1093 2560 -
1117 2521 1144 2577 2.
1167 2516 1243 2576 Post
1266 2519 1442 2578 orationem

317 2619 572 2700 praeparatoriam
595 2628 717 2692 (coram
740 2619 830 2680 altari
852 2621 1042 2696 recitatam),
1065 2621 1231 2702 episcopus
1252 2623 1299 2682 bis
1323 2651 1337 2678 u
1356 2631 1441 2684 tenet

316 2731 457 2804 tempora
470 2749 485 2780 ι)
500 2723 678 2796 ordinandi,
692 2723 779 2784 binas
791 2724 950 2784 orationes
963 2727 1207 2786 consecratorias
1218 2729 1440 2807 pronuntians:

315 2865 356 2872 —
369 2831 399 2888 3.
416 2827 523 2888 Tradit
538 2827 681 2888 ordinato
697 2828 811 2888 librum
831 2829 1013 2889 lectionum.
1030 2865 1069 2874 -
1085 2831 1237 2910 Expresso
1251 2841 1393 2904 cavetur,
1409 2835 1440 2892 in

316 2935 376 2993 fine
384 2934 508 2993 rituum
524 2932 618 3013 hujus
632 2933 853 3010 ordinationis,
872 2943 905 2993 ut
922 2961 935 2988 u
952 2955 1015 2994 non
1030 2935 1209 3015 imponatur
1223 2958 1334 2997 uranus
1348 2959 1438 3018 super

317 3039 463 3097 lectoren]
482 3065 496 3090 u
509 3037 531 3096 ⁴.

469 3257 488 3330 ἓ
508 3260 541 3314 n.
563 3259 671 3315 Ritus
690 3259 943 3317 ordinationis
962 3263 1060 3334 apud
1080 3263 1282 3335 AEtiiiopes.

356 3445 439 3506 242.
456 3480 493 3486 —
510 3444 759 3506 Ordinationes
777 3445 872 3523 apud
887 3447 1075 3526 AEthiopos
1089 3465 1151 3510 seu
1166 3451 1383 3528 Abyssincs.
1400 3485 1436 3494 —

317 3549 407 3607 liitus
423 3548 532 3607 harum
546 3549 776 3608 ordinationum
793 3557 866 3608 sunt
880 3551 1008 3612 omnino
1023 3553 1117 3612 iideni
1132 3575 1169 3613 ac
1182 3553 1266 3634 apud
1279 3553 1434 3634 Copht0s;

315 3655 395 3712 ratio
421 3661 468 3712 est
494 3653 566 3733 quia
595 3653 760 3734 AEtliiopes
786 3655 991 3736 subjacebant
1012 3657 1223 3738 jurisdictioni
1254 3660 1435 3739 patriarcha*

315 3757 517 3818 Alexandrini
530 3759 558 3830 ·'';
584 3758 667 3817 unde
692 3759 731 3818 ab
752 3759 888 3823 Ecclesia
909 3762 1118 3822 Alexandrina
1143 3773 1329 3844 receperunt
1348 3765 1435 3825 litur-

348 3912 356 3944 ¹
375 3911 532 3972 Douringer,
551 3911 625 3962 ibid..
640 3927 667 3973 p.
684 3917 779 3960 12-13.

346 3993 357 4022 ²
375 3991 530 4052 Dcnzingcr,
548 3988 623 4047 ibid,
641 4006 667 4052 p.
684 3997 741 4038 8-9.

346 4071 357 4103 ³
375 4069 531 4130 Heusinger,
549 4066 625 4124 ibid,
642 4083 668 4130 p.
684 4075 745 4118 5-6.

344 4149 356 4181 ⁴
374 4148 531 4208 Dcnzingen
548 4145 626 4202 thiu„
642 4163 670 4208 p.
683 4151 747 4195 2-i.

346 4228 356 4260 ⁵
374 4226 414 4272 Dc
429 4241 482 4286 quo
497 4225 531 4272 cl.
549 4225 704 4283 iit-nautici,
721 4225 758 4274 De
774 4225 934 4277 Patriarclta
949 4231 1150 4283 Alexandrino,
1167 4249 1193 4281 n.
1210 4239 1330 4292 iot-iot,
1347 4235 1373 4282 in
1388 4235 1433 4282 cit.

315 4319 396 4366 operc
412 4303 600 4367 Liluryiaruut
615 4303 795 4352 Orientalium
808 4306 881 4365 coll„
898 4311 918 4356 t.
936 4323 956 4362 ι,
973 4325 998 4372 p.
1016 4315 1068 4358 llo.
