3248 5052
625 477 826 528 nocumenta
1235 476 1287 529 607

201 621 257 695 §2
276 618 392 677 Verum
407 639 470 698 quo
485 618 655 700 impensius
669 619 849 700 apostolicae
865 620 1100 698 gubernationis
1116 641 1239 696 curam,
1256 627 1288 681 et

163 714 369 792 cogitationes
394 713 426 772 in
451 713 517 773 haec
541 714 747 785 intendimus,
771 735 808 775 ec
830 715 941 797 majori
964 737 1035 776 cum
1060 717 1156 777 animi
1181 718 1288 776 Nostri

163 810 271 870 dolore
290 831 328 870 ex
343 810 575 891 quamplurium
595 811 819 871 venerabilium
840 812 971 872 fratrum
988 813 1173 874 Nostrorum
1189 815 1289 874 archi-

162 907 381 988 episcoporum
400 914 432 966 et
448 906 665 988 episcoporum
686 907 719 966 in
737 908 869 968 diversis
888 907 1067 987 regionibus
1087 910 1287 970 existentium

163 1003 275 1062 delatis
302 1002 341 1063 ad
372 1003 436 1062 Nos
466 1003 601 1083 querelis
630 1004 821 1085 accepimus,
856 1005 999 1084 graviora
1028 1005 1168 1086 quotidie
1198 1008 1287 1067 mali-

163 1099 251 1178 gnari
270 1100 429 1159 inimicum
450 1099 481 1158 in
501 1100 631 1174 Sanct0,
648 1100 798 1180 sacrilega
815 1100 933 1160 scilicet
951 1101 1076 1184 illorum
1096 1103 1288 1184 impudentia

163 1197 194 1256 in
221 1195 287 1256 dies
313 1204 487 1269 crescente,
515 1197 567 1277 qui
594 1196 729 1278 propriae
756 1197 865 1257 salutis
891 1197 1103 1273 immemores,
1129 1199 1288 1260 clericales

163 1292 288 1352 ordines
310 1292 369 1352 sibi
391 1293 495 1352 forsan
518 1314 534 1352 a
557 1294 691 1374 propriis
710 1293 896 1374 praesulibus
913 1294 1098 1374 denegatoS,
1117 1315 1170 1356 seu
1191 1317 1286 1378 quos,

163 1389 319 1469 aliquibus
352 1389 509 1449 canonicis
542 1389 599 1448 sibi
634 1389 831 1450 obstantibus
860 1390 1105 1472 impedimentis,
1141 1393 1287 1474 denegari

163 1485 274 1544 merito
290 1492 448 1558 verentur,
465 1484 504 1544 ab
522 1484 631 1545 alienis
647 1487 817 1567 episcopis,
834 1507 896 1546 non
912 1509 981 1568 quaa
995 1489 1069 1548 Jesu
1083 1487 1216 1564 Christi,
1234 1490 1287 1550 sed

163 1601 230 1654 eas,
257 1602 325 1662 quae
345 1581 384 1641 ad
406 1581 490 1662 ipsos
512 1602 574 1641 non
595 1583 767 1662 pertinent,
794 1603 868 1642 oves
897 1583 928 1642 in
958 1584 1130 1644 animarum
1161 1607 1287 1660 suarum

163 1677 332 1758 perniciem
352 1677 579 1758 quaerentibus,
602 1699 658 1738 nec
682 1686 729 1738 tot
751 1680 917 1739 canonicas
941 1679 1157 1742 damnationes
1179 1691 1287 1744 contra

164 1781 350 1854 usurpantes
388 1773 497 1834 alienae
533 1774 633 1855 plebis
661 1774 820 1835 hominem
852 1776 930 1836 latas
961 1776 1286 1857 perhorrescentibus,

163 1870 279 1951 absque
295 1890 423 1930 suorum
439 1869 638 1950 praelatorum
655 1879 842 1950 commeatu,
857 1871 918 1931 hoc
932 1879 989 1947 est,
1005 1871 1190 1934 dimissoriis
1204 1895 1288 1936 com-

163 1966 394 2034 mendatitiisve
407 1987 516 2026 eorum
529 1967 642 2026 litteris
655 1967 809 2042 destituti,
820 1968 895 2048 quin
906 1967 969 2028 imo
980 1969 1024 2028 eis
1035 1970 1151 2042 insciis,
1164 1979 1196 2030 et
1206 1993 1288 2053 saepe

163 2065 256 2123 etiam
272 2063 390 2136 invitis,
407 2063 464 2123 sub
479 2063 583 2123 miuus
598 2063 745 2143 legitimis
760 2063 902 2124 beneficii
917 2066 1129 2138 ecclesiastici,
1146 2069 1285 2146 originis,

163 2160 328 2233 domicilii,
346 2180 400 2220 seu
416 2161 509 2220 etiam
526 2160 746 2220 familiaritatis
767 2181 803 2220 ac
819 2161 976 2221 continuae
992 2162 1204 2224 ordinantium
1224 2167 1287 2246 epi·

163 2277 330 2337 scoporum
349 2256 640 2330 commensalitatis,
662 2257 801 2338 quaesitis
821 2257 934 2330 titulis,
956 2257 987 2316 in
1007 2279 1164 2319 sacrarum
1184 2260 1287 2341 legum

164 2352 305 2412 fraudem
330 2359 361 2412 et
386 2359 617 2432 contemptum,
641 2352 802 2431 illegitime
827 2353 1015 2433 suscipiunt,
1039 2362 1133 2436 atque
1157 2357 1200 2417 ita
1225 2379 1288 2418 non

164 2450 317 2509 intrantes
331 2470 386 2530 per
401 2449 531 2521 ostium,
550 2457 581 2508 et
600 2448 802 2508 nihilominus
821 2448 1057 2509 tabernaculum
1074 2451 1201 2511 Domini
1216 2473 1287 2514 cum

164 2545 284 2606 macula
310 2545 482 2606 inhabitare
509 2565 572 2604 non
598 2544 793 2617 dubitanteS,
822 2545 1006 2605 sacrificium
1032 2547 1064 2605 in
1091 2549 1287 2628 sacrilegium

164 2648 363 2716 convertunt,
377 2641 530 2722 judicium
546 2641 663 2722 absque
679 2640 889 2701 misericordia
905 2641 963 2700 sibi
979 2643 1191 2718 consciscunt,
1206 2646 1288 2705 Deo·

164 2759 224 2818 que
240 2738 365 2797 minime
385 2737 543 2818 placentes
558 2745 590 2797 et
609 2745 711 2796 tamen
731 2737 853 2817 placere
868 2737 949 2797 velle
968 2749 1207 2818 praesumentes,
1225 2763 1287 2802 non

164 2834 258 2894 modo
274 2855 344 2894 eum
361 2855 422 2893 non
438 2834 577 2914 placant,
592 2833 759 2918 sed'magis
774 2833 908 2904 irritant,
923 2833 997 2894 dum
1013 2835 1160 2896 videntur
1174 2837 1204 2895 in
1221 2859 1289 2898 cor-

164 2930 255 2990 dibus
271 2931 334 2990 suis
349 2930 475 2989 dicere:
495 2930 563 2988 Non
580 2929 728 3011 requiret.

204 3029 218 3102 ξ
234 3025 262 3084 3.
283 3025 364 3084 Hinc
377 3033 438 3098 est,
451 3025 535 3106 quod
550 3025 631 3100 Nos,
647 3045 684 3084 ex
700 3025 873 3084 commissae
890 3024 987 3085 Nobis
999 3025 1148 3088 divinitus
1161 3037 1288 3108 aposto-

163 3122 230 3181 licae
250 3121 409 3181 servitutis
429 3141 572 3194 munere,
593 3121 723 3194 abusus,
745 3121 870 3182 fraudes
888 3143 923 3182 ac
943 3123 1087 3184 scandala
1109 3123 1288 3205 hujusmodi

164 3217 289 3298 penitus
305 3226 336 3277 et
351 3218 479 3277 omniuo
494 3238 510 3276 e
526 3217 629 3277 medio
645 3217 770 3289 tollere,
782 3239 818 3278 ac
833 3218 1036 3298 irreligiosam
1051 3229 1161 3280 contra
1174 3221 1288 3281 facien-

165 3315 242 3374 tium
258 3313 430 3386 audaciam,
443 3321 593 3394 quantum
607 3313 703 3372 Nobis
715 3313 827 3373 exalto
842 3315 1036 3388 conceditur,
1046 3336 1242 3398 compescere
1257 3327 1289 3378 et

164 3411 331 3491 reprimere
339 3410 491 3482 volentes,
502 3430 559 3471 uec
570 3429 632 3468 non
645 3409 696 3469 fel.
709 3431 770 3470 rec.
784 3408 900 3470 Urbani
911 3411 985 3469 Vlll
996 3420 1104 3470 eontra
1116 3413 1195 3473 male
1206 3413 1287 3473 ordi-

165 3515 273 3566 nantes
291 3514 323 3566 et
340 3506 419 3565 male
438 3505 598 3565 ordinatos
614 3527 682 3586 quae
698 3505 828 3586 incipit:
845 3505 996 3582 Secretis,
1014 3507 1208 3590 aliorumque
1226 3511 1288 3570 Ro-

165 3623 327 3662 manorum
343 3601 528 3661 Pontificum
542 3602 806 3682 praedeeessorum
819 3603 1020 3674 Nostrorum,
1032 3623 1068 3662 ac
1081 3604 1172 3663 etiam
1186 3606 1289 3666 conci-

164 3681 292 3760 liaribus
308 3699 410 3758 bacin
427 3719 459 3758 re
479 3698 569 3757 editis
588 3697 864 3758 constitutionibus
880 3705 910 3758 et
926 3699 1174 3760 ordinationibus
1190 3701 1288 3761 inhae-

164 3804 284 3872 renteS,
309 3795 440 3875 illasque
467 3793 569 3874 quoad
597 3814 633 3853 ea
656 3814 726 3875 quae
750 3794 957 3874 praesentibus
982 3815 1044 3854 non
1069 3795 1285 3872 adversantur,

164 3890 1286 3974 quatenusopussit,innovantes,devenerabiliumfratrumNostrorum

165 3991 196 4049 S.
210 3989 249 4049 R.
266 3989 300 4048 E.
316 3987 519 4048 cardinalium
533 3986 672 4068 ejusdem
683 3986 806 4046 concilii
819 3985 993 4046 Tridentini
1006 3988 1221 4069 interpretum,
1234 3992 1287 4072 qui

164 4082 1289 4166 quaecumqueantehacsuperpraemissisabipsorumcardinaliumCon-

165 4181 344 4260 gregationc
365 4180 396 4238 in
412 4178 651 4260 particularibus
670 4177 793 4238 casibus
808 4178 888 4238 edita
905 4177 1045 4253 decreta,
1062 4180 1288 4243 declarationes

165 4299 219 4338 seu
240 4297 387 4357 responsa
410 4275 447 4335 ad
470 4275 649 4335 earumdem
673 4276 872 4354 praesentium
893 4274 1006 4334 limites
1025 4276 1202 4338 reducenda
1222 4301 1288 4341 esse
