3270 5050
320 451 355 508 bl
587 453 631 504 DE
650 453 788 504 LEGIBUS
809 451 922 504 SACRAE
941 451 1176 503 onuluartorus

319 619 431 680 rasque
441 595 622 679 hujusmodi
635 603 753 677 pestes,
769 595 841 678 quia
854 615 961 655 eorum
976 593 1087 670 laicos,
1100 615 1268 656 conversos
1282 595 1321 658 ad
1337 597 1446 659 Domi-

318 725 409 778 num,
426 702 484 764 sub
503 701 636 782 imagine
651 701 844 782 poenitentiae
863 719 899 760 ac
919 700 1025 760 Sancti
1044 700 1178 782 Spiritus
1197 701 1446 764 sanctificatione

318 829 374 891 per
387 829 497 869 manus
512 806 741 888 impositionem
755 805 957 886 suscipimus,
974 825 1036 865 non
1051 803 1175 865 videtur
1189 804 1320 867 clericos
1335 827 1444 868 eorum

317 935 390 974 cum
413 910 584 974 sacerdotii
605 917 661 972 aut
680 908 853 970 ministerii
874 908 1056 992 cujuspiam
1076 909 1177 992 recipi
1198 909 1312 973 debere
1335 911 1446 996 dipni-

319 1025 396 1096 tate,
411 1016 562 1101 quoniam
574 1014 692 1099 quibus
705 1015 808 1076 solum
822 1012 981 1098 baptisma
993 1020 1099 1076 ratum
1109 1035 1176 1076 esse
1184 1015 1442 1097 permittimus...

321 1124 383 1199 Qui
402 1121 478 1206 fieri
491 1128 610 1205 potest,
636 1127 670 1181 ut
690 1141 799 1181 eorum
814 1119 970 1201 profanos
988 1119 1166 1182 sacerdotes
1185 1119 1300 1206 diqnos
1322 1119 1445 1184 Christi

319 1227 492 1292 honoribus
511 1225 717 1304 arbitremur,
739 1245 874 1308 quorum
893 1225 989 1286 laicos
1008 1226 1223 1307 imperfectos,
1245 1234 1280 1287 ut
1301 1227 1382 1302 dixi,
1404 1227 1444 1288 ad

319 1335 425 1396 Sancti
447 1333 580 1415 Spiritus
600 1331 831 1413 percipiendam
853 1332 984 1411 gratiam
1003 1351 1074 1392 cum
1094 1333 1286 1412 poenitentiae
1308 1333 1444 1412 imagine

319 1440 504 1522 recipiamus
515 1437 548 1499 ¹?
564 1463 579 1494 a
593 1435 699 1512 Unde,
712 1457 750 1496 en
762 1437 838 1517 ipsis
851 1435 955 1497 verbis
968 1436 1159 1512 Innocentii,
1170 1437 1273 1498 solum
1284 1436 1444 1519 baptisma

319 1543 516 1606 Arianorum
530 1549 637 1604 ratum
650 1549 711 1620 est,
728 1549 795 1602 rata
810 1541 941 1623 proinde
957 1562 1020 1602 non
1035 1549 1084 1602 est
1097 1563 1204 1602 eorum
1223 1542 1395 1618 ordinatio,
1412 1552 1444 1604 et

318 1651 450 1734 proinde
471 1669 579 1710 eorum
601 1647 706 1708 clerIci
727 1646 824 1728 recipi
838 1667 905 1710 non
925 1653 1057 1728 possunt
1075 1647 1108 1708 in
1126 1648 1191 1708 suis
1210 1648 1382 1710 ordinibus.
1403 1687 1443 1694 —

318 1757 366 1818 Ita
381 1755 523 1816 Morinus
538 1760 569 1814 et
584 1749 729 1814 Sbaralea
740 1750 763 1812 ¹.
1070 1749 1073 1754 '

358 1861 453 1942 Hesp.
470 1879 480 1920 :
496 1857 699 1918 Innocentius
713 1855 792 1936 agit,
813 1877 877 1916 non
897 1855 935 1917 de
954 1855 1136 1918 charactere
1151 1857 1371 1935 ordinationis,
1388 1860 1443 1920 sed

318 1966 356 2026 de
383 1987 439 2026 usu
469 1973 501 2024 et
525 1962 656 2045 proinde
686 1959 859 2022 honoribus
884 1961 1044 2036 ordinum,
1070 1971 1101 2024 et
1124 1963 1200 2024 dicit
1223 1966 1443 2026 tantummodo

317 2071 451 2132 Arianos
473 2075 657 2150 ceterosque
676 2067 858 2149 hujusmodi
881 2067 1061 2143 haereticos,
1082 2067 1121 2128 ab
1142 2067 1298 2129 haereticis
1319 2070 1444 2131 ordina-

318 2184 382 2249 tos,
399 2195 462 2235 non
477 2173 591 2234 debere
604 2171 720 2253 suscipi
735 2192 807 2232 cum
821 2192 878 2232 usu
894 2179 924 2232 et
938 2171 1113 2233 honoribus
1127 2171 1290 2253 ordinum,
1306 2175 1360 2235 sed
1376 2183 1443 2236 tan-

317 2279 479 2342 tummodo
493 2275 536 2339 ad
549 2275 663 2338 laicam
677 2275 940 2337 communionem.
952 2277 1021 2337 Hoc
1035 2285 1138 2338 autem
1153 2279 1328 2359 expressius
1341 2279 1444 2340 decla-

317 2393 366 2447 rat
379 2385 410 2445 in
424 2382 554 2466 epistola
569 2403 644 2456 nvn,
658 2380 712 2442 Ad
725 2381 886 2464 episcopos
900 2369 1101 2461 Macedones,
1117 2405 1147 2444 n.
1163 2385 1199 2444 8:
1218 2408 1233 2439 a
1250 2383 1311 2443 Sed
1327 2391 1443 2446 nostra

319 2491 370 2552 lea
381 2497 427 2552 est
437 2487 603 2566 Ecclesia,
618 2485 816 2548 venientibus
826 2485 868 2548 ab
882 2486 1052 2566 hereticis,
1068 2488 1123 2567 qui
1136 2493 1240 2550 lamen
1256 2487 1324 2549 illic
1338 2488 1443 2571 bapti-

316 2595 384 2658 zati
395 2601 484 2672 sunt,
496 2613 558 2675 per
572 2614 685 2654 manus
696 2591 927 2674 impositionem
941 2591 1055 2654 laicam
1069 2599 1192 2654 tantum
1208 2591 1347 2655 tribuere
1357 2615 1442 2656 com-

317 2700 514 2777 munionem,
536 2719 592 2760 nec
613 2718 653 2758 ec
671 2697 722 2758 his
740 2695 881 2780 aliquem
902 2697 936 2758 in
954 2696 1122 2759 clericatus
1142 2698 1293 2760 honorem
1311 2698 1361 2760 vel
1374 2700 1442 2760 eri-

315 2827 415 2890 puum
429 2802 637 2888 subrepere³.
655 2828 670 2860 n
687 2802 793 2876 Unde,
805 2823 875 2864 cum
893 2803 1061 2864 concilium
1076 2803 1255 2880 Nicaenum,
1272 2811 1307 2866 ut
1320 2805 1439 2866 dictum

316 2919 378 2987 est,
387 2909 517 2992 jusserit
526 2907 621 2990 recipi
630 2908 759 2968 clericos
768 2907 1037 2969 Novatianoscum
1048 2909 1113 2969 suis
1123 2908 1300 2986 ordinibus,
1313 2931 1441 2992 respon-

316 3017 371 3078 det
380 3013 583 3076 Innocentius
594 3012 654 3073 hoc
668 3011 707 3072 de
723 3011 798 3072 solis
809 3011 992 3074 Novatianis
1002 3013 1239 3094 intelligendum
1249 3035 1332 3094 esse,
1345 3013 1438 3092 ibid,

316 3143 347 3183 n.
367 3124 423 3181 10:
441 3143 457 3177 «
479 3119 609 3180 Possum
624 3139 700 3178 vero
719 3116 838 3192 dicere,
858 3117 896 3179 de
911 3118 984 3179 solis
999 3118 1059 3180 hoc
1074 3105 1264 3181 Novatianis¹
1275 3141 1342 3181 esse
1362 3141 1440 3201 prae·

315 3234 456 3309 ceptum,
474 3245 531 3284 nec
543 3223 582 3284 ad
598 3223 727 3284 aliarum
742 3222 896 3284 haeresum
911 3223 1040 3284 clericos
1055 3225 1222 3304 pertinere.
1240 3250 1255 3283 s
1271 3261 1312 3270 —
1327 3225 1437 3305 Igitur,

315 3331 441 3416 quando
458 3329 676 3404 Innocentius,
694 3329 825 3410 loquens
839 3328 878 3389 de
891 3329 1028 3404 Arianis,
1045 3328 1122 3390 dicit
1136 3330 1240 3391 solum
1259 3351 1366 3392 eorum
1381 3329 1439 3392 ba-

311 3436 432 3520 ptisma
446 3455 512 3496 esse
525 3439 644 3513 ratum,
661 3455 725 3494 non
739 3433 886 3513 intelligit
900 3441 1002 3494 ratum
1017 3433 1124 3518 quoad
1136 3435 1366 3514 characterem,
1384 3437 1437 3496 sed

315 3549 418 3602 ratum
432 3539 538 3624 quoad
550 3539 631 3622 jura
646 3547 676 3600 et
692 3539 825 3600 honores
841 3537 914 3600 inde
929 3538 1149 3619 dimanantes,·
1167 3540 1227 3602 hoc
1241 3561 1316 3620 ergo
1331 3540 1439 3600 discri-

314 3666 386 3708 men
396 3653 463 3708 erat
472 3645 554 3705 inter
563 3665 672 3704 eorum
686 3644 782 3704 laicos
794 3651 827 3704 et
838 3665 947 3705 eorum
957 3644 1101 3720 clericos,
1114 3645 1200 3726 quod
1215 3645 1301 3717 laici,
1313 3652 1452 3727 recepta.

315 3752 410 3814 semel
422 3749 621 3832 impositione
634 3769 798 3823 manuum,
813 3747 1060 3810 admittebantur
1071 3769 1143 3811 cum
1156 3751 1300 3810 omnibus
1313 3749 1437 3832 juribus

313 3865 345 3920 et
363 3855 535 3918 honoribus
551 3875 568 3914 e
585 3855 770 3935 baptismate
785 3854 876 3928 ertia,
894 3854 998 3915 clerici
1014 3875 1089 3916 vero
1109 3876 1172 3916 non
1189 3855 1435 3917 admittebantur

344 4038 352 4071 ¹
371 4037 475 4100 Migne,
492 4034 520 4084 P.
536 4033 575 4092 L..
591 4035 611 4082 l.
628 4049 675 4092 xx,
691 4033 743 4082 col.
759 4037 812 4082 550.

343 4115 506 4172 ¹Morinus,
527 4111 576 4162 loc.
596 4111 652 4170 cit,
672 4126 696 4160 c.
716 4127 765 4173 vn,
786 4127 812 4161 n.
829 4117 856 4171 ⁶,
877 4127 903 4176 p.
921 4117 963 4172 ⁷⁷3
978 4139 1010 4151 —
1026 4113 1166 4174 Sbarelea,
1189 4113 1310 4175 boarit,
1331 4130 1356 4164 c.
1370 4129 1430 4174 vm,

313 4211 339 4245 n.
355 4197 430 4254 9-15,
445 4209 473 4256 p.
488 4195 533 4240 150
548 4205 589 4254 sq.

344 4273 355 4308 ³
371 4271 474 4335 MIgne,
490 4269 520 4319 P.
537 4269 575 4327 ln,
592 4272 612 4318 t.
626 4284 673 4326 xx,
690 4269 740 4317 col.
756 4273 809 4318 5³1.
