3248 5052
346 473 390 522 DE
410 473 611 522 lNTENTlONE
632 471 808 532 REQUlSlTh
827 473 859 522 ΙΝ
880 471 1108 522 ΟΗΙΙΙΝΑΤΙΟΝΕ
1235 471 1285 524 593

206 619 245 684 Β.
280 617 483 682 Praedictam
507 617 731 682 intentionem
761 615 797 680 in
825 615 950 682 adultis
978 618 1104 706 requiri
1132 618 1286 685 delinivit

162 731 381 798 innocentius
397 729 457 814 ΙΙΙ,
473 753 547 818 cap.
562 731 727 818 Majores,
743 731 774 808 3,
791 729 842 795 Dr:
857 752 1028 812 nnrrrsu03
1047 755 1127 797 nam
1143 753 1149 798 :
1170 737 1200 798 l.
1218 735 1285 800 Re-

157 847 234 934 jicit
258 845 454 935 opinionem
482 867 611 926 eorum,
647 871 662 904 «
696 845 754 932 qui
786 844 915 926 dicunt,
944 846 1035 934 quod
1061 855 1284 930 sacramenta,

161 984 236 1049 quae
264 983 324 1050 per
352 982 388 1024 se
419 959 608 1024 sortiuntur
637 958 813 1042 ellectum,
839 967 878 1024 ut
908 958 1099 1048 baptismus
1128 969 1162 1026 et
1190 961 1284 1044 ordo,

161 1083 339 1162 ceteraque
364 1073 504 1155 similia,
526 1055 594 1138 non
619 1073 731 1138 solum
754 1072 1000 1138 dormientibus
1024 1083 1058 1140 et
1077 1075 1284 1158 amentibus,

162 1189 222 1254 sed
243 1189 354 1253 invitis
373 1197 405 1252 et
424 1188 748 1272 contradicentibus,
771 1187 835 1252 etsi
859 1211 927 1252 non
947 1195 1112 1276 quantum
1139 1189 1181 1253 ad
1200 1213 1284 1270 rem,

163 1310 328 1392 quantum
349 1309 463 1366 tamen
479 1302 522 1366 ad
541 1301 781 1384 characterem,
804 1301 1064 1367 conferuntur...
1088 1301 1154 1368 Sed
1182 1326 1288 1390 oppo-

162 1418 255 1483 nitur
273 1415 410 1498 talibus,
433 1424 547 1496 etc...;
574 1443 589 1476 n
605 1455 649 1464 —-
668 1416 700 1482 2.
722 1415 850 1504 Aperte
875 1416 1016 1504 requirit
1035 1417 1285 1483 intentionem:

165 1559 180 1591 a
205 1530 266 1596 Ille
286 1553 378 1611 vero,
401 1531 459 1618 qui
484 1552 662 1616 nunquam
681 1531 857 1612 consentit,
883 1530 943 1594 sed
961 1531 1101 1615 penitus
1120 1532 1289 1596 contradi·

164 1646 221 1729 cit,
253 1667 310 1709 nec
341 1667 412 1708 rem
441 1667 499 1708 nec
527 1644 757 1708 characterem
784 1645 924 1729 suscipit
951 1647 1165 1710 sacramenti.
1201 1673 1217 1705 n
1246 1683 1289 1694 -

165 1759 196 1825 3.
228 1757 348 1838 Quoad
375 1759 580 1822 dormientes
617 1764 651 1822 et
681 1765 828 1822 amentes
861 1757 987 1823 addit:
1019 1785 1034 1819 ι(
1073 1759 1290 1824 Dormientes

164 1881 279 1938 autem
298 1879 333 1937 et
352 1878 503 1936 amentes
523 1871 568 1952 si,
590 1871 789 1959 priusquam
802 1871 984 1936 amentiam
1003 1873 1213 1938 incurrerent
1233 1881 1290 1937 aut

165 1987 363 2068 dormirent,
386 1988 420 2050 in
439 1986 702 2050 contradictione
717 1987 949 2070 persisterent,
971 1987 1050 2073 quia
1070 1987 1103 2050 in
1124 1987 1172 2051 eis
1192 1987 1291 2052 intel-

164 2101 283 2187 ligitur
310 2099 586 2166 contradictionis
616 2099 827 2188 propositum
856 2101 1055 2187 perdurare,
1078 2101 1142 2166 etsi
1166 2099 1291 2166 luerint

167 2216 216 2281 sic
231 2214 398 2294 immersi,
417 2215 647 2279 characterem
666 2235 733 2278 non
752 2215 940 2299 suscipiunt
955 2216 1179 2298 sacramenti,·
1193 2237 1291 2280 secus

165 2336 291 2409 autem,
314 2328 343 2392 si
361 2329 454 2416 prius
474 2327 707 2392 catechumeni
727 2327 931 2404 extitissent,
954 2335 988 2392 et
1005 2329 1200 2393 habuissent
1210 2351 1292 2414 pro·

161 2444 315 2529 positum
343 2443 540 2528 baptizandi
552 2461 566 2526 ,¹
597 2443 686 2507 unde
719 2442 806 2506 tales
837 2443 871 2506 in
905 2442 1119 2508 necessitatis
1150 2441 1291 2508 articulo

166 2557 344 2622 consuevit
363 2557 514 2622 Ecclesia
529 2555 710 2644 baptizare.
726 2555 820 2622 Tunc
835 2579 915 2643 ergo
936 2556 1164 2621 characterem
1179 2579 1292 2622 sacra-

168 2671 326 2736 mentalis
345 2672 509 2758 imprimit
523 2671 685 2758 operatio,
709 2693 787 2735 cum
806 2670 937 2735 obicem
954 2671 1141 2736 voluntatis
1161 2678 1292 2736 contra-

168 2786 225 2850 rioe
245 2809 312 2851 non
331 2785 462 2851 invenit
481 2784 716 2850 obsistentem.
745 2813 761 2846 n

214 2899 252 2966 C.
274 2901 409 2966 Ilituate
431 2901 641 2982 Romanum,
663 2900 717 2964 tit.
739 2921 777 2981 ιι,
800 2923 830 2965 c.
859 2921 909 2980 111,
937 2921 971 2964 n.
995 2897 1110 2979 11-13,
1135 2899 1204 2962 haec
1224 2904 1293 2962 sta-

168 3016 262 3080 tuit:
291 3043 306 3074 «
329 3016 497 3079 Amantes
523 3019 557 3077 et
584 3013 701 3078 luriosi
729 3035 798 3077 non
822 3012 1051 3102 baptizentur,
1079 3013 1144 3076 nisi
1169 3011 1293 3078 talasa

168 3129 347 3194 nativitate
371 3127 538 3194 suerint...
571 3126 638 3193 Sed
671 3128 699 3192 si
730 3127 878 3192 dilucida
912 3126 1060 3192 habeant
1092 3126 1291 3207 intervalla,

169 3243 252 3306 dum
266 3242 390 3307 mentis
409 3249 583 3328 compotes
603 3249 694 3322 sunt,
716 3240 940 3330 baptizentur,
961 3243 991 3305 si
1010 3242 1124 3306 velint.
1148 3240 1183 3305 Si
1197 3263 1291 3320 vero,

169 3364 352 3444 antequam
367 3357 568 3438 insanirent,
584 3357 787 3441 suscipiendi
797 3357 957 3441 baptismi
968 3355 1172 3419 desiderium
1187 3364 1295 3420 osten-

169 3471 293 3554 derint,
309 3493 347 3535 ac
364 3471 444 3534 vita¹
463 3469 650 3558 periculum
663 3469 850 3550 immineat,
874 3469 1091 3533 etiamsinon
1112 3468 1180 3532 sint
1201 3491 1294 3532 com·

169 3593 267 3674 potes
293 3585 433 3666 mentis,
463 3584 685 3672 baptizentur.
713 3583 874 3670 ldemque
895 3581 1075 3647 dicendum
1095 3589 1146 3646 est
1172 3582 1214 3646 de
1241 3604 1292 3662 eo,

169 3701 228 3789 qui
246 3699 400 3787 lethargo
415 3706 473 3764 aut
492 3699 651 3786 phrenesi
670 3697 843 3764 laborat...
869 3725 884 3756 n
906 3735 950 3748 -
971 3696 1063 3760 ldem
1085 3695 1152 3760 lere
1174 3695 1295 3761 statui-

168 3822 236 3894 tur,
259 3815 313 3880 tit.
337 3836 370 3894 v,
393 3837 421 3880 e.
440 3835 462 3894 r,
485 3837 519 3880 n.
544 3813 575 3897 6,
596 3811 708 3900 quoad
728 3819 916 3876 extremam
935 3811 1144 3876 unctionem.

215 3929 296 3993 Haec
322 3935 435 3993 autem
460 3928 573 3992 omnia
596 3951 671 4014 quae
691 3933 887 3991 statuuntur
911 3926 952 3990 de
976 3925 1164 3990 intentione
1184 3924 1296 4012 quoad

169 4044 390 4133 baptismum,
412 4041 659 4130 poenitentiam,
681 4046 761 4117 etc,
784 4063 802 4102 a
822 4039 953 4102 fortiori
972 4039 1086 4104 valent
1112 4037 1224 4125 quoad
1243 4059 1295 4100 or·

168 4157 295 4238 dinem,
319 4157 443 4245 quippe
464 4155 556 4244 quod
575 4161 826 4220 sacramentum
847 4175 914 4217 non
941 4152 985 4218 sit
1005 4151 1232 4217 necessarium
1253 4150 1296 4214 ad

170 4271 328 4354 salutem,
348 4271 588 4358 gravioresque
608 4291 723 4334 secum
744 4267 829 4334 lerat
844 4265 1081 4354 obligationes.

277 4409 356 4443 sacas
374 4409 493 4444 onnrnar.
1121 4386 1153 4439 38
