3246 5052
283 469 326 518 DE
345 449 749 518 aliisus'ssssurmusus
768 467 1023 517 ORDlNhTIONUM
1042 466 1201 518 hlthRUhl
1251 463 1304 516 539

179 612 313 676 lolatria
342 611 386 676 ah
412 611 570 676 omnibus
595 611 755 676 fidelihus
780 611 975 676 christianis
998 609 1236 674 abominanda.
1260 609 1304 672 Et

178 726 269 814 quod
289 733 421 812 spectat
447 726 490 790 ad
516 725 671 792 naturale
690 749 812 814 corpus
838 732 873 790 et
892 725 1092 810 sanguinem
1115 723 1303 789 Salvatoris

178 841 285 905 nostri
312 839 458 920 Christi,
484 840 558 927 ipsa
583 847 665 905 sunt
691 839 725 903 in
759 839 851 904 caelis
877 845 912 904 et
938 862 1006 903 non
1031 839 1096 904 hic.
1121 839 1181 902 Est
1212 838 1302 902 enim

176 965 295 1022 contra
322 958 501 1021 veritatem
525 958 597 1022 veri
622 957 787 1022 naturalis
807 958 956 1045 corporis
981 955 1124 1035 Christi,
1147 955 1238 1043 quod
1258 955 1303 1018 sit

176 1095 245 1136 uno
264 1078 417 1160 tempore
436 1071 471 1135 in
491 1071 646 1159 pluribus
665 1072 783 1136 locis¹.
803 1099 819 1132 n
841 1071 981 1158 Rejecta
1001 1077 1115 1134 autem
1135 1070 1196 1134 hac
1216 1092 1302 1164 prae-

177 1186 287 1250 sentia
307 1185 402 1264 reali,
424 1207 492 1249 non
511 1191 717 1272 potestesse
737 1207 856 1250 verum
877 1183 1079 1249 sacrificium
1099 1184 1248 1270 corporis
1268 1189 1303 1245 et

176 1299 351 1385 sanguinis
371 1297 509 1364 Christi.

221 1413 253 1478 3.
275 1413 444 1478 Auctores
472 1413 620 1500 praelatar
644 1414 791 1500 liturgiae
823 1436 981 1501 expresse
1010 1419 1045 1478 et
1071 1413 1195 1476 diserte
1224 1411 1302 1499 reji-

175 1527 271 1590 ciunt
293 1528 500 1610 sacrificium
526 1527 647 1592 attaris
675 1528 710 1592 in
739 1528 787 1592 sic
817 1527 917 1592 dietis
948 1527 1102 1591 articulis
1129 1526 1302 1610 retipionis

176 1639 400 1726 (articles‘of
428 1643 607 1728 relipion)‚
642 1665 703 1705 seu
740 1642 947 1726 consessione
984 1641 1064 1724 fidei
1096 1641 1298 1725 suplicans,

174 1777 297 1842 nempe
320 1755 355 1818 in
375 1762 439 1820 art.
466 1755 526 1836 31,
550 1757 584 1818 in
609 1777 676 1843 quo
700 1755 873 1842 legimus:
901 1783 917 1814 ι(
946 1755 994 1818 De
1015 1755 1112 1818 unica
1132 1753 1300 1818 oblatione

175 1868 306 1932 Christi
335 1870 369 1932 in
392 1891 491 1933 cruce
518 1877 765 1934 consummata.
801 1908 845 1917 —
874 1868 1011 1934 Oblatio
1041 1867 1168 1933 Christi
1194 1869 1300 1932 semel

172 1980 261 2046 lacta
281 1989 333 2046 est
353 1981 501 2070 perlecta
521 1983 721 2070 redemptio,
745 1983 941 2070 propitiatio
962 1991 996 2047 et
1015 1982 1215 2062 satisfactio,
1238 2004 1300 2068 pro

173 2094 331 2160 omnibus
351 2097 499 2184 peccatis
520 2097 625 2160 totius
651 2097 785 2176 mundi,
808 2098 879 2160 sive
904 2097 1061 2182 originali
1085 2097 1158 2160 sive
1182 2103 1299 2160 actua-

172 2207 278 2290 libus,
296 2216 331 2272 et
352 2219 481 2274 nonest
500 2211 573 2274 alia'
587 2212 773 2294 satisfactio
787 2234 853 2296 pro
869 2213 1031 2296 peccatis,
1055 2213 1119 2275 nisi
1139 2211 1198 2274 illa
1213 2211 1296 2274 sola.

176 2323 273 2387 Unde
296 2326 462 2407 sacrificia
488 2326 686 2408 missarum,
715 2327 747 2388 in
774 2326 901 2411 quibus
928 2327 1030 2410 eulpo
1052 2326 1229 2390 dicebatur
1247 2346 1298 2387 sa-

170 2439 341 2502 cerdotem
361 2443 485 2522 offerre
505 2439 682 2504 Christum
705 2463 772 2525 pro
797 2441 878 2504 vivis
901 2449 933 2502 et
956 2440 1101 2504 mortuis
1115 2441 1159 2503 ad
1179 2439 1298 2502 remis—

170 2552 298 2616 sionem
310 2575 417 2638 poenae
437 2563 497 2616 aut
517 2554 635 2638 culpae,
657 2562 755 2618 erant
770 2555 974 2640 blasphemae
991 2555 1119 2639 saluta
1135 2563 1167 2617 et
1181 2553 1297 2639 perni-

170 2665 264 2729 ciosae
288 2667 495 2752 deceptiones
506 2671 528 2731 ⁹.
560 2695 575 2728 n
601 2667 646 2732 Hi
679 2669 813 2733 articuli
841 2669 875 2732 in
909 2667 1053 2734 formam
1086 2668 1296 2733 definitivam

169 2779 298 2844 redacti
318 2789 398 2844 sunt
428 2780 491 2845 sub
522 2781 696 2847 Elisabeth
723 2805 779 2848 an.
805 2783 906 2863 1562,
929 2784 989 2847 sed
1008 2785 1082 2870 jam
1101 2781 1296 2847 concinnati

169 2900 267 2957 erant
296 2901 331 2958 et
363 2894 558 2982 approbati,
586 2920 642 2960 an.
676 2897 774 2976 1552,
807 2897 870 2962 sub
899 2897 1057 2962 Eduardo
1072 2899 1094 2961 ³.
1124 2897 1238 2975 Unde,
1261 2896 1295 2959 in

170 3007 243 3094 ipso
264 3009 332 3072 ritu
351 3010 459 3073 Coenae
478 3010 665 3093 dominica,
683 3018 838 3076 auctores
853 3011 999 3097 liturgiae
1018 3013 1118 3076 valde
1133 3011 1297 3076 insistunt

170 3121 204 3184 in
224 3121 287 3187 hac
305 3123 404 3187 unica
424 3121 595 3188 oblatione
615 3123 756 3205 Christi,
778 3153 793 3184 α
815 3126 873 3213 qui
893 3125 939 3190 ihi
959 3125 1095 3214 (nempe
1115 3126 1149 3188 in
1168 3125 1293 3212 cruce),

171 3237 269 3300 unica
287 3238 342 3300 sui
358 3238 527 3302 oblatione
545 3240 648 3302 semel
666 3243 772 3324 sacta,
789 3240 945 3325 plenum,
959 3245 1153 3326 perfectum
1172 3249 1204 3303 et
1218 3243 1295 3324 sus-

168 3351 283 3434 ficiens
299 3353 516 3435 sacrificium,
539 3353 744 3417 oblationem
763 3363 795 3416 et
816 3355 1083 3436 satisfactionem
1104 3375 1171 3438 pro
1192 3354 1295 3417 totius

170 3465 290 3528 mundi
305 3467 450 3549 peccatis
466 3467 560 3551 fecit,
583 3475 617 3530 et
635 3466 785 3532 instituit
799 3473 833 3531 et
845 3467 880 3531 in
896 3473 1014 3532 saneto
1033 3467 1211 3554 evangelio
1232 3489 1294 3530 suo

169 3575 268 3641 nohis
298 3579 469 3675 praecepit!
489 3578 670 3644 observare
703 3581 859 3667 pretiosae
892 3581 1011 3646 mortis
1041 3580 1133 3644 illius
1164 3603 1293 3645 memo-

201 3729 209 3763 ¹
229 3730 294 3779 llaec
309 3732 435 3794 leguntur
445 3733 502 3795 jam
517 3733 545 3780 in
561 3733 681 3782 editione
695 3735 741 3782 cit.
754 3733 831 3782 libri
840 3749 955 3797 precum
963 3733 1148 3797 publicarum,
1163 3749 1206 3782 an.
1217 3739 1292 3792 1552;

167 3808 203 3857 cl.
214 3807 303 3858 Revue
316 3809 545 3874 anyto-romaine,
562 3815 581 3859 t.
593 3827 620 3870 u,
631 3827 658 3874 p.
670 3816 728 3872 tam
745 3813 873 3875 leguntur
885 3813 1013 3874 deinceps
1028 3813 1055 3860 in
1068 3813 1178 3874 vulgato
1188 3813 1294 3874 Prayer

168 3886 242 3936 Book
256 3889 284 3935 in
298 3887 425 3936 omnibus
440 3888 606 3937 editionibus
621 3893 649 3938 et
662 3890 834 3938 versionibus
846 3905 932 3953 usque
947 3891 1036 3940 hodie.

199 3965 211 4000 ²
230 3965 286 4015 The
302 3966 374 4015 Book
388 3965 421 4027 of
431 3981 555 4016 common
569 3968 683 4031 Proper,
700 3969 803 4030 vulgat.
818 3969 861 4018 ed.
877 3969 990 4016 London
1002 3969 1071 4032 (sino
1085 3969 1175 4031 anno),
1192 3985 1219 4030 p.
1232 3970 1290 4024 doh

168 4044 202 4094 cl.
214 4045 296 4094 etiam
311 4046 464 4094 versionem
474 4046 598 4108 gallicam
608 4047 646 4094 La
662 4046 775 4111 liturpie
787 4062 822 4095 ou
835 4047 861 4095 le
874 4045 942 4096 tiore
951 4047 999 4097 des
1011 4046 1119 4110 pritres
1128 4045 1291 4110 puhliques,

168 4123 301 4182 leudi-es,
317 4127 392 4182 18⁴2,
408 4139 434 4186 p.
451 4127 505 4173 430.

198 4201 209 4236 ⁸
226 4201 381 4250 Hodiernus
395 4203 526 4252 articulus
545 4208 573 4250 31
594 4203 689 4252 iisdem
709 4203 833 4252 terminis
852 4203 1002 4266 legebatur,
1023 4204 1074 4252 sub
1094 4219 1120 4253 n.
1136 4210 1179 4262 30,
1195 4204 1222 4251 in
1240 4206 1291 4252 art.

167 4294 211 4328 an.
227 4285 298 4330 1552.
314 4280 353 4328 Cf.
371 4279 407 4328 Le
422 4281 521 4340 Quien‚
538 4281 587 4330 loc.
603 4280 659 4338 cit,
676 4297 702 4344 p.
718 4287 758 4331 63.
