<?xml version="1.0" encoding="UTF-8"?>
<!DOCTYPE html PUBLIC "-//W3C//DTD XHTML 1.0 Transitional//EN"
    "http://www.w3.org/TR/xhtml1/DTD/xhtml1-transitional.dtd">
<html xmlns="http://www.w3.org/1999/xhtml" xml:lang="en" lang="en">
 <head>
  <title>
</title>
<meta http-equiv="Content-Type" content="text/html;charset=utf-8" />
  <meta name='ocr-system' content='tesseract 3.04.00' />
  <meta name='ocr-capabilities' content='ocr_page ocr_carea ocr_par ocr_line ocrx_word'/>
</head>
<body>
  <div class='ocr_page' id='page_1' title='image "./praelectionesde00manygoog_0276.png"; bbox 0 0 3300 5056; ppageno 0'>
   <div class='ocr_carea' id='block_1_1' title="bbox 397 471 1311 533">
    <p class='ocr_par' dir='ltr' id='par_1_1' title="bbox 397 471 1311 533">
     <span class='ocr_line' id='line_1_1' title="bbox 397 471 1311 533; baseline -0.001 -1"><span class='ocrx_word' id='word_1_1' title='bbox 397 480 441 532; x_wconf 86' lang='lat' dir='ltr'><em>DE</em></span> <span class='ocrx_word' id='word_1_2' title='bbox 459 471 670 532; x_wconf 73' lang='lat' dir='ltr'>TEMPORIBUS</span> <span class='ocrx_word' id='word_1_3' title='bbox 689 481 731 532; x_wconf 85' lang='lat' dir='ltr'><em>ET</em></span> <span class='ocrx_word' id='word_1_4' title='bbox 749 481 832 533; x_wconf 81' lang='lat' dir='ltr'><em>Loco</em></span> <span class='ocrx_word' id='word_1_5' title='bbox 851 479 1107 531; x_wconf 76' lang='lat' dir='ltr'><em>onolunrlouuu</em></span> <span class='ocrx_word' id='word_1_6' title='bbox 1259 477 1311 532; x_wconf 76' lang='grc'><em>263</em></span> 
     </span>
    </p>
   </div>
   <div class='ocr_carea' id='block_1_2' title="bbox 188 621 1312 710">
    <p class='ocr_par' dir='ltr' id='par_1_2' title="bbox 188 621 1312 710">
     <span class='ocr_line' id='line_1_2' title="bbox 188 621 1312 710; baseline 0 -22"><span class='ocrx_word' id='word_1_7' title='bbox 188 626 398 708; x_wconf 80' lang='lat' dir='ltr'><em>Romanum,</em></span> <span class='ocrx_word' id='word_1_8' title='bbox 419 623 494 689; x_wconf 93' lang='lat' dir='ltr'><em>eod.</em></span> <span class='ocrx_word' id='word_1_9' title='bbox 517 624 569 690; x_wconf 89' lang='lat' dir='ltr'><em>tit.</em></span> <span class='ocrx_word' id='word_1_10' title='bbox 592 624 641 689; x_wconf 91' lang='lat' dir='ltr'><em>De</em></span> <span class='ocrx_word' id='word_1_11' title='bbox 660 624 838 690; x_wconf 74' lang='lat' dir='ltr'><em>ordinibus</em></span> <span class='ocrx_word' id='word_1_12' title='bbox 858 624 1083 709; x_wconf 78' lang='lat' dir='ltr'><em>conserendis.</em></span> <span class='ocrx_word' id='word_1_13' title='bbox 1107 621 1197 710; x_wconf 90' lang='lat' dir='ltr'><em>Ergo</em></span> <span class='ocrx_word' id='word_1_14' title='bbox 1221 623 1312 710; x_wconf 86' lang='lat' dir='ltr'><em>pari-</em></span> 
     </span>
    </p>
   </div>
   <div class='ocr_carea' id='block_1_3' title="bbox 187 744 1309 926">
    <p class='ocr_par' dir='ltr' id='par_1_3' title="bbox 187 744 1309 926">
     <span class='ocr_line' id='line_1_3' title="bbox 187 744 1309 834; baseline 0 -24"><span class='ocrx_word' id='word_1_15' title='bbox 187 753 240 811; x_wconf 84' lang='lat' dir='ltr'><em>ter</em></span> <span class='ocrx_word' id='word_1_16' title='bbox 258 770 325 812; x_wconf 91' lang='lat' dir='ltr'><em>non</em></span> <span class='ocrx_word' id='word_1_17' title='bbox 344 747 527 834; x_wconf 78' lang='lat' dir='ltr'><strong>requiritur</strong></span> <span class='ocrx_word' id='word_1_18' title='bbox 551 747 711 828; x_wconf 81' lang='lat' dir='ltr'><em>ecclesis,</em></span> <span class='ocrx_word' id='word_1_19' title='bbox 734 747 796 811; x_wconf 88' lang='lat' dir='ltr'><em>sed</em></span> <span class='ocrx_word' id='word_1_20' title='bbox 818 745 943 812; x_wconf 87' lang='lat' dir='ltr'><em>suffieit</em></span> <span class='ocrx_word' id='word_1_21' title='bbox 967 744 1172 833; x_wconf 86' lang='lat' dir='ltr'>quicumque</span> <span class='ocrx_word' id='word_1_22' title='bbox 1195 745 1309 827; x_wconf 87' lang='lat' dir='ltr'><em>locus,</em></span> 
     </span>
     <span class='ocr_line' id='line_1_4' title="bbox 187 861 680 926; baseline 0.002 -2"><span class='ocrx_word' id='word_1_23' title='bbox 187 861 288 925; x_wconf 94' lang='lat' dir='ltr'><em>modo</em></span> <span class='ocrx_word' id='word_1_24' title='bbox 308 861 432 926; x_wconf 89' lang='lat' dir='ltr'><em>decens</em></span> <span class='ocrx_word' id='word_1_25' title='bbox 452 867 485 924; x_wconf 92' lang='lat' dir='ltr'><em>et</em></span> <span class='ocrx_word' id='word_1_26' title='bbox 504 861 680 926; x_wconf 90' lang='lat' dir='ltr'><em>honestus.</em></span> 
     </span>
    </p>
   </div>
   <div class='ocr_carea' id='block_1_4' title="bbox 133 1087 1375 4146">
    <p class='ocr_par' dir='ltr' id='par_1_4' title="bbox 177 1087 1310 2411">
     <span class='ocr_line' id='line_1_5' title="bbox 232 1087 1310 1177; baseline -0.005 -20"><span class='ocrx_word' id='word_1_27' title='bbox 232 1089 326 1158; x_wconf 89' lang='grc'><strong>101.</strong></span> <span class='ocrx_word' id='word_1_28' title='bbox 341 1128 385 1138; x_wconf 91' lang='grc'>-</span> <span class='ocrx_word' id='word_1_29' title='bbox 404 1090 532 1158; x_wconf 85' lang='lat' dir='ltr'><em>Locus</em></span> <span class='ocrx_word' id='word_1_30' title='bbox 551 1107 625 1176; x_wconf 86' lang='lat' dir='ltr'><em>pro</em></span> <span class='ocrx_word' id='word_1_31' title='bbox 643 1087 854 1158; x_wconf 81' lang='lat' dir='ltr'><strong>ordinibus</strong></span> <span class='ocrx_word' id='word_1_32' title='bbox 874 1087 1106 1177; x_wconf 78' lang='lat' dir='ltr'><em>majoribus.</em></span> <span class='ocrx_word' id='word_1_33' title='bbox 1121 1125 1166 1135; x_wconf 93' lang='lat'><em>-</em></span> <span class='ocrx_word' id='word_1_34' title='bbox 1180 1087 1231 1152; x_wconf 86' lang='lat' dir='ltr'><em>De</em></span> <span class='ocrx_word' id='word_1_35' title='bbox 1245 1087 1310 1152; x_wconf 82' lang='lat' dir='ltr'><em>hoo</em></span> 
     </span>
     <span class='ocr_line' id='line_1_6' title="bbox 184 1199 1306 1291; baseline -0.002 -24"><span class='ocrx_word' id='word_1_36' title='bbox 184 1203 305 1268; x_wconf 76' lang='lat' dir='ltr'><strong>statuit</strong></span> <span class='ocrx_word' id='word_1_37' title='bbox 324 1203 504 1269; x_wconf 90' lang='lat' dir='ltr'><em>concilium</em></span> <span class='ocrx_word' id='word_1_38' title='bbox 523 1202 630 1285; x_wconf 87' lang='lat' dir='ltr'><em>Trid.,</em></span> <span class='ocrx_word' id='word_1_39' title='bbox 653 1227 726 1291; x_wconf 90' lang='lat' dir='ltr'><em>cap.</em></span> <span class='ocrx_word' id='word_1_40' title='bbox 750 1203 997 1286; x_wconf 74' lang='lat' dir='ltr'><em>Ordinationes,</em></span> <span class='ocrx_word' id='word_1_41' title='bbox 1019 1200 1052 1283; x_wconf 85' lang='lat'><em>8,</em></span> <span class='ocrx_word' id='word_1_42' title='bbox 1074 1223 1159 1266; x_wconf 89' lang='lat' dir='ltr'><em>sess.</em></span> <span class='ocrx_word' id='word_1_43' title='bbox 1180 1199 1306 1282; x_wconf 94' lang='lat' dir='ltr'>XXIII,</span> 
     </span>
     <span class='ocr_line' id='line_1_7' title="bbox 185 1315 1308 1398; baseline 0 -18"><span class='ocrx_word' id='word_1_44' title='bbox 185 1317 235 1380; x_wconf 82' lang='lat' dir='ltr'><em>De</em></span> <span class='ocrx_word' id='word_1_45' title='bbox 263 1338 332 1382; x_wconf 78' lang='lat' dir='ltr'><em>ner.</em></span> <span class='ocrx_word' id='word_1_46' title='bbox 362 1337 369 1383; x_wconf 93' lang='lat'>:</span> <span class='ocrx_word' id='word_1_47' title='bbox 400 1343 416 1378; x_wconf 79' lang='lat' dir='ltr'><em>u</em></span> <span class='ocrx_word' id='word_1_48' title='bbox 446 1317 686 1383; x_wconf 85' lang='lat' dir='ltr'><em>Ordinationes</em></span> <span class='ocrx_word' id='word_1_49' title='bbox 714 1340 888 1383; x_wconf 86' lang='lat' dir='ltr'><em>sacrorum</em></span> <span class='ocrx_word' id='word_1_50' title='bbox 917 1316 1091 1398; x_wconf 87' lang='lat' dir='ltr'><em>ordinum,</em></span> <span class='ocrx_word' id='word_1_51' title='bbox 1121 1315 1261 1380; x_wconf 86' lang='lat' dir='ltr'><em>statutis</em></span> <span class='ocrx_word' id='word_1_52' title='bbox 1289 1337 1308 1380; x_wconf 91' lang='lat' dir='ltr'><em>a</em></span> 
     </span>
     <span class='ocr_line' id='line_1_8' title="bbox 178 1430 1309 1520; baseline -0.004 -24"><span class='ocrx_word' id='word_1_53' title='bbox 178 1431 255 1518; x_wconf 90' lang='lat' dir='ltr'><em>jure</em></span> <span class='ocrx_word' id='word_1_54' title='bbox 275 1431 502 1520; x_wconf 79' lang='lat' dir='ltr'><em>temporibuS,</em></span> <span class='ocrx_word' id='word_1_55' title='bbox 523 1455 562 1497; x_wconf 86' lang='lat' dir='ltr'><em>ae</em></span> <span class='ocrx_word' id='word_1_56' title='bbox 583 1433 618 1496; x_wconf 94' lang='lat' dir='ltr'><em>in</em></span> <span class='ocrx_word' id='word_1_57' title='bbox 637 1432 825 1497; x_wconf 75' lang='lat' dir='ltr'><em>cathedrali</em></span> <span class='ocrx_word' id='word_1_58' title='bbox 844 1431 994 1514; x_wconf 84' lang='lat' dir='ltr'><em>ecclesia,</em></span> <span class='ocrx_word' id='word_1_59' title='bbox 1011 1430 1142 1495; x_wconf 89' lang='lat' dir='ltr'><em>vocatis</em></span> <span class='ocrx_word' id='word_1_60' title='bbox 1161 1451 1309 1517; x_wconf 82' lang='lat' dir='ltr'><em>praesen-</em></span> 
     </span>
     <span class='ocr_line' id='line_1_9' title="bbox 184 1542 1307 1634; baseline -0.003 -25"><span class='ocrx_word' id='word_1_61' title='bbox 184 1545 343 1634; x_wconf 90' lang='lat' dir='ltr'><em>tibusque</em></span> <span class='ocrx_word' id='word_1_62' title='bbox 362 1545 459 1611; x_wconf 89' lang='lat' dir='ltr'><em>adid</em></span> <span class='ocrx_word' id='word_1_63' title='bbox 478 1545 630 1611; x_wconf 71' lang='lat' dir='ltr'><em>ecclesiae</em></span> <span class='ocrx_word' id='word_1_64' title='bbox 653 1545 842 1627; x_wconf 88' lang='lat' dir='ltr'><em>canonicis,</em></span> <span class='ocrx_word' id='word_1_65' title='bbox 865 1543 999 1633; x_wconf 86' lang='lat' dir='ltr'><em>publice</em></span> <span class='ocrx_word' id='word_1_66' title='bbox 1023 1542 1256 1624; x_wconf 87' lang='lat' dir='ltr'><em>celebrentur;</em></span> <span class='ocrx_word' id='word_1_67' title='bbox 1279 1543 1307 1607; x_wconf 93' lang='lat' dir='ltr'><em>si</em></span> 
     </span>
     <span class='ocr_line' id='line_1_10' title="bbox 182 1658 1307 1746; baseline -0.002 -23"><span class='ocrx_word' id='word_1_68' title='bbox 182 1667 296 1724; x_wconf 84' lang='lat' dir='ltr'><em>autem</em></span> <span class='ocrx_word' id='word_1_69' title='bbox 317 1661 352 1724; x_wconf 92' lang='lat' dir='ltr'><em>in</em></span> <span class='ocrx_word' id='word_1_70' title='bbox 371 1661 438 1726; x_wconf 85' lang='lat' dir='ltr'><em>alio</em></span> <span class='ocrx_word' id='word_1_71' title='bbox 462 1661 609 1726; x_wconf 83' lang='lat' dir='ltr'><em>dioecesis</em></span> <span class='ocrx_word' id='word_1_72' title='bbox 635 1660 721 1744; x_wconf 93' lang='lat' dir='ltr'><em>loco,</em></span> <span class='ocrx_word' id='word_1_73' title='bbox 748 1660 897 1746; x_wconf 75' lang='lat' dir='ltr'><em>dignior,</em></span> <span class='ocrx_word' id='word_1_74' title='bbox 923 1667 1093 1746; x_wconf 84' lang='lat' dir='ltr'><em>quantum</em></span> <span class='ocrx_word' id='word_1_75' title='bbox 1115 1658 1192 1743; x_wconf 78' lang='lat' dir='ltr'><em>fieri</em></span> <span class='ocrx_word' id='word_1_76' title='bbox 1210 1664 1307 1742; x_wconf 64' lang='lat' dir='ltr'><em>pote*</em></span> 
     </span>
     <span class='ocr_line' id='line_1_11' title="bbox 183 1770 1304 1861; baseline -0.001 -26"><span class='ocrx_word' id='word_1_77' title='bbox 183 1774 245 1856; x_wconf 86' lang='lat' dir='ltr'><em>rit,</em></span> <span class='ocrx_word' id='word_1_78' title='bbox 267 1775 402 1839; x_wconf 85' lang='lat' dir='ltr'><em>ecclesia</em></span> <span class='ocrx_word' id='word_1_79' title='bbox 420 1797 553 1861; x_wconf 79' lang='lat' dir='ltr'><em>semper</em></span> <span class='ocrx_word' id='word_1_80' title='bbox 571 1775 725 1839; x_wconf 85' lang='lat' dir='ltr'><em>adeatur.</em></span> <span class='ocrx_word' id='word_1_81' title='bbox 747 1800 762 1834; x_wconf 80' lang='lat' dir='ltr'><em>n</em></span> <span class='ocrx_word' id='word_1_82' title='bbox 783 1773 881 1840; x_wconf 88' lang='lat' dir='ltr'><em>Unde</em></span> <span class='ocrx_word' id='word_1_83' title='bbox 901 1773 974 1836; x_wconf 89' lang='lat' dir='ltr'><em>fieri</em></span> <span class='ocrx_word' id='word_1_84' title='bbox 991 1777 1105 1861; x_wconf 91' lang='lat' dir='ltr'><em>potest</em></span> <span class='ocrx_word' id='word_1_85' title='bbox 1124 1770 1304 1852; x_wconf 88' lang='lat' dir='ltr'><em>ordinatio,</em></span> 
     </span>
     <span class='ocr_line' id='line_1_12' title="bbox 181 1885 1302 1976; baseline -0.001 -26"><span class='ocrx_word' id='word_1_86' title='bbox 181 1911 243 1975; x_wconf 92' lang='lat' dir='ltr'><em>pro</em></span> <span class='ocrx_word' id='word_1_87' title='bbox 261 1888 422 1976; x_wconf 86' lang='lat' dir='ltr'><em>prudenti</em></span> <span class='ocrx_word' id='word_1_88' title='bbox 445 1888 595 1976; x_wconf 86' lang='lat' dir='ltr'><em>episcopi</em></span> <span class='ocrx_word' id='word_1_89' title='bbox 617 1887 774 1968; x_wconf 84' lang='lat' dir='ltr'><em>arbitrio,</em></span> <span class='ocrx_word' id='word_1_90' title='bbox 800 1887 857 1952; x_wconf 84' lang='lat' dir='ltr'><em>vel</em></span> <span class='ocrx_word' id='word_1_91' title='bbox 880 1887 914 1951; x_wconf 94' lang='lat' dir='ltr'><em>in</em></span> <span class='ocrx_word' id='word_1_92' title='bbox 940 1887 1077 1951; x_wconf 86' lang='lat' dir='ltr'><em>civitate</em></span> <span class='ocrx_word' id='word_1_93' title='bbox 1102 1885 1302 1976; x_wconf 87' lang='lat' dir='ltr'><em>episcopali,</em></span> 
     </span>
     <span class='ocr_line' id='line_1_13' title="bbox 180 1998 1305 2090; baseline 0 -28"><span class='ocrx_word' id='word_1_94' title='bbox 180 2001 236 2064; x_wconf 87' lang='lat' dir='ltr'><em>vel</em></span> <span class='ocrx_word' id='word_1_95' title='bbox 256 2002 290 2066; x_wconf 90' lang='lat' dir='ltr'><em>in</em></span> <span class='ocrx_word' id='word_1_96' title='bbox 310 2002 376 2066; x_wconf 84' lang='lat' dir='ltr'><em>alio</em></span> <span class='ocrx_word' id='word_1_97' title='bbox 396 2002 552 2068; x_wconf 87' lang='lat' dir='ltr'><em>dioecesis</em></span> <span class='ocrx_word' id='word_1_98' title='bbox 572 2003 667 2084; x_wconf 71' lang='lat' dir='ltr'><em>loco,</em></span> <span class='ocrx_word' id='word_1_99' title='bbox 691 2001 783 2090; x_wconf 92' lang='lat' dir='ltr'><em>quod</em></span> <span class='ocrx_word' id='word_1_100' title='bbox 802 2002 831 2068; x_wconf 88' lang='lat' dir='ltr'><em>si</em></span> <span class='ocrx_word' id='word_1_101' title='bbox 850 2002 909 2065; x_wconf 88' lang='lat' dir='ltr'><em>fiat</em></span> <span class='ocrx_word' id='word_1_102' title='bbox 928 2007 1023 2066; x_wconf 81' lang='lat' dir='ltr'><em>extra</em></span> <span class='ocrx_word' id='word_1_103' title='bbox 1043 2000 1218 2066; x_wconf 85' lang='lat' dir='ltr'><em>civitatem</em></span> <span class='ocrx_word' id='word_1_104' title='bbox 1237 1998 1305 2087; x_wconf 91' lang='lat' dir='ltr'><em>epi·</em></span> 
     </span>
     <span class='ocr_line' id='line_1_14' title="bbox 184 2113 1305 2206; baseline 0.001 -29"><span class='ocrx_word' id='word_1_105' title='bbox 184 2115 372 2203; x_wconf 88' lang='lat' dir='ltr'><em>scopalem,</em></span> <span class='ocrx_word' id='word_1_106' title='bbox 399 2116 578 2206; x_wconf 89' lang='lat' dir='ltr'><em>episcopus</em></span> <span class='ocrx_word' id='word_1_107' title='bbox 604 2117 724 2203; x_wconf 87' lang='lat' dir='ltr'><em>eligat,</em></span> <span class='ocrx_word' id='word_1_108' title='bbox 751 2123 919 2204; x_wconf 90' lang='lat' dir='ltr'><em>quantum</em></span> <span class='ocrx_word' id='word_1_109' title='bbox 944 2114 1016 2180; x_wconf 85' lang='lat' dir='ltr'><em>lieri</em></span> <span class='ocrx_word' id='word_1_110' title='bbox 1043 2121 1171 2204; x_wconf 90' lang='lat' dir='ltr'><em>potest,</em></span> <span class='ocrx_word' id='word_1_111' title='bbox 1201 2113 1305 2178; x_wconf 89' lang='lat' dir='ltr'><em>eccle-</em></span> 
     </span>
     <span class='ocr_line' id='line_1_15' title="bbox 179 2228 1301 2318; baseline 0.001 -27"><span class='ocrx_word' id='word_1_112' title='bbox 179 2228 266 2292; x_wconf 82' lang='lat' dir='ltr'><em>siam</em></span> <span class='ocrx_word' id='word_1_113' title='bbox 286 2230 476 2318; x_wconf 83' lang='lat' dir='ltr'><em>digniorem</em></span> <span class='ocrx_word' id='word_1_114' title='bbox 495 2230 572 2297; x_wconf 92' lang='lat' dir='ltr'><em>loci.</em></span> <span class='ocrx_word' id='word_1_115' title='bbox 590 2230 749 2311; x_wconf 90' lang='lat' dir='ltr'><em>-Quod</em></span> <span class='ocrx_word' id='word_1_116' title='bbox 769 2231 797 2295; x_wconf 92' lang='lat' dir='ltr'><em>si</em></span> <span class='ocrx_word' id='word_1_117' title='bbox 816 2231 875 2296; x_wconf 87' lang='lat' dir='ltr'><em>fiat</em></span> <span class='ocrx_word' id='word_1_118' title='bbox 893 2231 929 2294; x_wconf 93' lang='lat' dir='ltr'><em>in</em></span> <span class='ocrx_word' id='word_1_119' title='bbox 949 2229 1086 2295; x_wconf 86' lang='lat' dir='ltr'><em>civitate</em></span> <span class='ocrx_word' id='word_1_120' title='bbox 1106 2228 1301 2316; x_wconf 88' lang='lat' dir='ltr'><em>episcopali,</em></span> 
     </span>
     <span class='ocr_line' id='line_1_16' title="bbox 177 2343 436 2411; baseline 0.019 -5"><span class='ocrx_word' id='word_1_121' title='bbox 177 2343 249 2408; x_wconf 82' lang='lat' dir='ltr'><em>haec</em></span> <span class='ocrx_word' id='word_1_122' title='bbox 269 2343 436 2411; x_wconf 86' lang='lat' dir='ltr'><em>dicenda:</em></span> 
     </span>
    </p>

    <p class='ocr_par' dir='ltr' id='par_1_5' title="bbox 133 2456 1375 3346">
     <span class='ocr_line' id='line_1_17' title="bbox 224 2456 1300 2547; baseline 0.001 -27"><span class='ocrx_word' id='word_1_123' title='bbox 224 2456 258 2520; x_wconf 79' lang='lat'><em>10</em></span> <span class='ocrx_word' id='word_1_124' title='bbox 277 2457 313 2523; x_wconf 85' lang='lat' dir='ltr'><em>Si</em></span> <span class='ocrx_word' id='word_1_125' title='bbox 331 2466 452 2545; x_wconf 80' lang='lat' dir='ltr'><em>agatur</em></span> <span class='ocrx_word' id='word_1_126' title='bbox 471 2460 512 2525; x_wconf 89' lang='lat' dir='ltr'><em>de</em></span> <span class='ocrx_word' id='word_1_127' title='bbox 533 2460 744 2526; x_wconf 89' lang='lat' dir='ltr'><em>ordinatione</em></span> <span class='ocrx_word' id='word_1_128' title='bbox 764 2483 831 2525; x_wconf 94' lang='lat' dir='ltr'><em>non</em></span> <span class='ocrx_word' id='word_1_129' title='bbox 850 2460 1013 2546; x_wconf 71' lang='lat' dir='ltr'><em>generali,</em></span> <span class='ocrx_word' id='word_1_130' title='bbox 1030 2465 1144 2547; x_wconf 88' lang='lat' dir='ltr'><em>potest</em></span> <span class='ocrx_word' id='word_1_131' title='bbox 1163 2459 1300 2546; x_wconf 81' lang='lat' dir='ltr'><em>eligere,</em></span> 
     </span>
     <span class='ocr_line' id='line_1_18' title="bbox 176 2571 1301 2662; baseline 0.002 -28"><span class='ocrx_word' id='word_1_132' title='bbox 176 2571 303 2637; x_wconf 91' lang='lat' dir='ltr'><em>omissa</em></span> <span class='ocrx_word' id='word_1_133' title='bbox 327 2573 513 2638; x_wconf 82' lang='lat' dir='ltr'><em>cathedrali</em></span> <span class='ocrx_word' id='word_1_134' title='bbox 537 2574 696 2656; x_wconf 87' lang='lat' dir='ltr'><em>ecclesia,</em></span> <span class='ocrx_word' id='word_1_135' title='bbox 719 2597 821 2662; x_wconf 91' lang='lat' dir='ltr'><em>quam</em></span> <span class='ocrx_word' id='word_1_136' title='bbox 844 2575 945 2656; x_wconf 87' lang='lat' dir='ltr'><em>velit,</em></span> <span class='ocrx_word' id='word_1_137' title='bbox 971 2597 1032 2662; x_wconf 91' lang='lat' dir='ltr'><em>pro</em></span> <span class='ocrx_word' id='word_1_138' title='bbox 1057 2572 1216 2661; x_wconf 83' lang='lat' dir='ltr'><em>prudenti</em></span> <span class='ocrx_word' id='word_1_139' title='bbox 1240 2595 1301 2637; x_wconf 92' lang='lat' dir='ltr'><em>suo</em></span> 
     </span>
     <span class='ocr_line' id='line_1_19' title="bbox 177 2685 1375 2777; baseline -0.003 -27"><span class='ocrx_word' id='word_1_140' title='bbox 177 2685 332 2768; x_wconf 76' lang='lat' dir='ltr'><em>arbitrio,</em></span> <span class='ocrx_word' id='word_1_141' title='bbox 355 2687 550 2770; x_wconf 89' lang='lat' dir='ltr'><em>eeclesiam,</em></span> <span class='ocrx_word' id='word_1_142' title='bbox 577 2689 646 2753; x_wconf 91' lang='lat' dir='ltr'><em>imo</em></span> <span class='ocrx_word' id='word_1_143' title='bbox 671 2711 768 2754; x_wconf 87' lang='lat' dir='ltr'><em>suam</em></span> <span class='ocrx_word' id='word_1_144' title='bbox 791 2688 958 2777; x_wconf 86' lang='lat' dir='ltr'><em>privatam</em></span> <span class='ocrx_word' id='word_1_145' title='bbox 983 2687 1160 2777; x_wconf 88' lang='lat' dir='ltr'><em>capellam.</em></span> <span class='ocrx_word' id='word_1_146' title='bbox 1187 2685 1301 2751; x_wconf 88' lang='lat' dir='ltr'><em>-Ita</em></span> <span class='ocrx_word' id='word_1_147' title='bbox 1372 2736 1375 2746; x_wconf 95' lang='lat'><em>.</em></span> 
     </span>
     <span class='ocr_line' id='line_1_20' title="bbox 176 2802 1302 2891; baseline 0 -27"><span class='ocrx_word' id='word_1_148' title='bbox 176 2823 312 2882; x_wconf 90' lang='lat' dir='ltr'><em>omnes,</em></span> <span class='ocrx_word' id='word_1_149' title='bbox 343 2825 384 2867; x_wconf 87' lang='lat' dir='ltr'><em>ex</em></span> <span class='ocrx_word' id='word_1_150' title='bbox 411 2809 546 2890; x_wconf 88' lang='lat' dir='ltr'><em>recepta</em></span> <span class='ocrx_word' id='word_1_151' title='bbox 572 2802 697 2891; x_wconf 91' lang='lat' dir='ltr'><em>ubique</em></span> <span class='ocrx_word' id='word_1_152' title='bbox 728 2803 989 2884; x_wconf 87' lang='lat' dir='ltr'><em>consuetudine,</em></span> <span class='ocrx_word' id='word_1_153' title='bbox 1023 2825 1126 2891; x_wconf 90' lang='lat' dir='ltr'><em>quam</em></span> <span class='ocrx_word' id='word_1_154' title='bbox 1155 2806 1302 2866; x_wconf 82' lang='lat' dir='ltr'><em>testetur</em></span> 
     </span>
     <span class='ocr_line' id='line_1_21' title="bbox 173 2913 1297 3004; baseline 0.004 -27"><span class='ocrx_word' id='word_1_155' title='bbox 173 2913 246 3001; x_wconf 91' lang='lat' dir='ltr'><em>ipse</em></span> <span class='ocrx_word' id='word_1_156' title='bbox 259 2915 465 2982; x_wconf 88' lang='lat' dir='ltr'><em>Benedictus</em></span> <span class='ocrx_word' id='word_1_157' title='bbox 477 2917 568 2996; x_wconf 90' lang='lat' dir='ltr'>XIV,</span> <span class='ocrx_word' id='word_1_158' title='bbox 581 2917 616 2980; x_wconf 94' lang='lat' dir='ltr'><em>in</em></span> <span class='ocrx_word' id='word_1_159' title='bbox 630 2916 729 3004; x_wconf 87' lang='lat' dir='ltr'><em>epist.</em></span> <span class='ocrx_word' id='word_1_160' title='bbox 742 2916 801 2981; x_wconf 90' lang='lat' dir='ltr'><em>Ad</em></span> <span class='ocrx_word' id='word_1_161' title='bbox 810 2918 1030 3002; x_wconf 76' lang='lat' dir='ltr'><em>audientiam,</em></span> <span class='ocrx_word' id='word_1_162' title='bbox 1045 2917 1086 2983; x_wconf 78' lang='lat'><em>15</em></span> <span class='ocrx_word' id='word_1_163' title='bbox 1099 2915 1184 2982; x_wconf 86' lang='lat' dir='ltr'><em>febr.</em></span> <span class='ocrx_word' id='word_1_164' title='bbox 1198 2914 1297 2994; x_wconf 81' lang='lat'><em>1753,</em></span> 
     </span>
     <span class='ocr_line' id='line_1_22' title="bbox 133 3019 1299 3120; baseline 0.001 -27"><span class='ocrx_word' id='word_1_165' title='bbox 133 3019 135 3022; x_wconf 34' lang='lat'>⁵</span> <span class='ocrx_word' id='word_1_166' title='bbox 173 3027 293 3110; x_wconf 75' lang='lat'>§18¹3</span> <span class='ocrx_word' id='word_1_167' title='bbox 316 3067 361 3079; x_wconf 94' lang='lat'><em>-</em></span> <span class='ocrx_word' id='word_1_168' title='bbox 379 3030 448 3095; x_wconf 92' lang='lat' dir='ltr'><em>imo</em></span> <span class='ocrx_word' id='word_1_169' title='bbox 472 3031 507 3095; x_wconf 91' lang='lat' dir='ltr'><em>in</em></span> <span class='ocrx_word' id='word_1_170' title='bbox 530 3031 593 3096; x_wconf 93' lang='lat' dir='ltr'><em>hoc</em></span> <span class='ocrx_word' id='word_1_171' title='bbox 618 3053 722 3096; x_wconf 89' lang='lat' dir='ltr'><em>sensu</em></span> <span class='ocrx_word' id='word_1_172' title='bbox 748 3031 942 3119; x_wconf 83' lang='lat' dir='ltr'><em>respondit,</em></span> <span class='ocrx_word' id='word_1_173' title='bbox 967 3054 1090 3120; x_wconf 89' lang='lat' dir='ltr'><em>nempe</em></span> <span class='ocrx_word' id='word_1_174' title='bbox 1112 3039 1195 3098; x_wconf 90' lang='lat' dir='ltr'><em>tunc</em></span> <span class='ocrx_word' id='word_1_175' title='bbox 1218 3030 1299 3118; x_wconf 87' lang='lat' dir='ltr'><em>eligi</em></span> 
     </span>
     <span class='ocr_line' id='line_1_23' title="bbox 174 3144 1297 3234; baseline 0.003 -28"><span class='ocrx_word' id='word_1_176' title='bbox 174 3165 277 3230; x_wconf 89' lang='lat' dir='ltr'><em>posse</em></span> <span class='ocrx_word' id='word_1_177' title='bbox 297 3144 485 3232; x_wconf 89' lang='lat' dir='ltr'><em>quamlibet</em></span> <span class='ocrx_word' id='word_1_178' title='bbox 504 3145 699 3229; x_wconf 87' lang='lat' dir='ltr'><em>ecclesiam,</em></span> <span class='ocrx_word' id='word_1_179' title='bbox 720 3146 823 3212; x_wconf 86' lang='lat' dir='ltr'><em>etiam</em></span> <span class='ocrx_word' id='word_1_180' title='bbox 847 3145 1013 3234; x_wconf 85' lang='lat' dir='ltr'><em>capellam</em></span> <span class='ocrx_word' id='word_1_181' title='bbox 1036 3146 1205 3234; x_wconf 84' lang='lat' dir='ltr'><em>privatam</em></span> <span class='ocrx_word' id='word_1_182' title='bbox 1228 3145 1297 3234; x_wconf 90' lang='lat' dir='ltr'><em>epi-</em></span> 
     </span>
     <span class='ocr_line' id='line_1_24' title="bbox 174 3257 1182 3346; baseline 0.002 -26"><span class='ocrx_word' id='word_1_183' title='bbox 174 3257 283 3344; x_wconf 85' lang='lat' dir='ltr'><em>scopi,</em></span> <span class='ocrx_word' id='word_1_184' title='bbox 306 3257 342 3324; x_wconf 93' lang='lat' dir='ltr'><em>S.</em></span> <span class='ocrx_word' id='word_1_185' title='bbox 365 3259 491 3346; x_wconf 88' lang='lat' dir='ltr'><em>Congr.</em></span> <span class='ocrx_word' id='word_1_186' title='bbox 513 3259 634 3342; x_wconf 72' lang='lat' dir='ltr'><em>Cone,</em></span> <span class='ocrx_word' id='word_1_187' title='bbox 655 3258 691 3324; x_wconf 92' lang='lat' dir='ltr'><em>in</em></span> <span class='ocrx_word' id='word_1_188' title='bbox 709 3259 877 3344; x_wconf 81' lang='lat' dir='ltr'><em>Meliten,</em></span> <span class='ocrx_word' id='word_1_189' title='bbox 899 3259 942 3324; x_wconf 80' lang='lat'><em>20</em></span> <span class='ocrx_word' id='word_1_190' title='bbox 961 3282 1041 3324; x_wconf 91' lang='lat' dir='ltr'><em>nov.</em></span> <span class='ocrx_word' id='word_1_191' title='bbox 1065 3259 1182 3326; x_wconf 72' lang='lat'><strong>15922.</strong></span> 
     </span>
    </p>

    <p class='ocr_par' dir='ltr' id='par_1_6' title="bbox 166 3369 1297 4146">
     <span class='ocr_line' id='line_1_25' title="bbox 216 3369 1297 3460; baseline 0.005 -26"><span class='ocrx_word' id='word_1_192' title='bbox 216 3371 252 3434; x_wconf 83' lang='lat'><em>2⁰</em></span> <span class='ocrx_word' id='word_1_193' title='bbox 275 3369 310 3437; x_wconf 93' lang='lat' dir='ltr'><em>Si</em></span> <span class='ocrx_word' id='word_1_194' title='bbox 334 3378 455 3458; x_wconf 84' lang='lat' dir='ltr'><em>agatur</em></span> <span class='ocrx_word' id='word_1_195' title='bbox 478 3372 520 3438; x_wconf 89' lang='lat' dir='ltr'><em>de</em></span> <span class='ocrx_word' id='word_1_196' title='bbox 544 3373 757 3439; x_wconf 85' lang='lat' dir='ltr'><em>ordinatione</em></span> <span class='ocrx_word' id='word_1_197' title='bbox 779 3374 947 3458; x_wconf 72' lang='lat' dir='ltr'><em>generali,</em></span> <span class='ocrx_word' id='word_1_198' title='bbox 974 3373 1054 3438; x_wconf 87' lang='lat' dir='ltr'><em>licet</em></span> <span class='ocrx_word' id='word_1_199' title='bbox 1078 3372 1236 3460; x_wconf 84' lang='lat' dir='ltr'><em>expediat</em></span> <span class='ocrx_word' id='word_1_200' title='bbox 1257 3381 1297 3439; x_wconf 88' lang='lat' dir='ltr'><em>ut</em></span> 
     </span>
     <span class='ocr_line' id='line_1_26' title="bbox 171 3484 1294 3574; baseline 0.002 -26"><span class='ocrx_word' id='word_1_201' title='bbox 171 3484 368 3574; x_wconf 70' lang='lat' dir='ltr'><em>episcopm,</em></span> <span class='ocrx_word' id='word_1_202' title='bbox 390 3485 432 3551; x_wconf 87' lang='lat' dir='ltr'><em>ad</em></span> <span class='ocrx_word' id='word_1_203' title='bbox 451 3493 602 3552; x_wconf 87' lang='lat' dir='ltr'><em>mentem</em></span> <span class='ocrx_word' id='word_1_204' title='bbox 621 3511 716 3554; x_wconf 91' lang='lat' dir='ltr'><em>conc.</em></span> <span class='ocrx_word' id='word_1_205' title='bbox 739 3488 845 3570; x_wconf 88' lang='lat' dir='ltr'><em>Trid.,</em></span> <span class='ocrx_word' id='word_1_206' title='bbox 868 3487 1046 3552; x_wconf 80' lang='lat' dir='ltr'><em>ecclesiam</em></span> <span class='ocrx_word' id='word_1_207' title='bbox 1065 3487 1294 3554; x_wconf 85' lang='lat' dir='ltr'><em>cathedralem</em></span> 
     </span>
     <span class='ocr_line' id='line_1_27' title="bbox 172 3598 1293 3690; baseline 0.005 -28"><span class='ocrx_word' id='word_1_208' title='bbox 172 3598 293 3686; x_wconf 86' lang='lat' dir='ltr'><em>eligat,</em></span> <span class='ocrx_word' id='word_1_209' title='bbox 315 3607 483 3683; x_wconf 87' lang='lat' dir='ltr'><em>attamen,</em></span> <span class='ocrx_word' id='word_1_210' title='bbox 505 3625 547 3668; x_wconf 84' lang='lat' dir='ltr'><em>ex</em></span> <span class='ocrx_word' id='word_1_211' title='bbox 565 3603 661 3690; x_wconf 87' lang='lat' dir='ltr'><em>justa</em></span> <span class='ocrx_word' id='word_1_212' title='bbox 681 3609 716 3668; x_wconf 91' lang='lat' dir='ltr'><em>et</em></span> <span class='ocrx_word' id='word_1_213' title='bbox 739 3603 892 3689; x_wconf 86' lang='lat' dir='ltr'><em>legitima</em></span> <span class='ocrx_word' id='word_1_214' title='bbox 915 3625 1033 3685; x_wconf 87' lang='lat' dir='ltr'><em>causa,</em></span> <span class='ocrx_word' id='word_1_215' title='bbox 1054 3608 1169 3690; x_wconf 89' lang='lat' dir='ltr'><em>potest</em></span> <span class='ocrx_word' id='word_1_216' title='bbox 1192 3601 1293 3668; x_wconf 87' lang='lat' dir='ltr'><em>etiam</em></span> 
     </span>
     <span class='ocr_line' id='line_1_28' title="bbox 167 3713 1292 3806; baseline 0.005 -30"><span class='ocrx_word' id='word_1_217' title='bbox 167 3713 269 3777; x_wconf 83' lang='lat' dir='ltr'><em>aliam</em></span> <span class='ocrx_word' id='word_1_218' title='bbox 290 3713 414 3800; x_wconf 88' lang='lat' dir='ltr'><em>eligere</em></span> <span class='ocrx_word' id='word_1_219' title='bbox 434 3715 622 3782; x_wconf 86' lang='lat' dir='ltr'><em>ecclesiam.</em></span> <span class='ocrx_word' id='word_1_220' title='bbox 644 3715 759 3782; x_wconf 88' lang='lat' dir='ltr'><em>-Ita</em></span> <span class='ocrx_word' id='word_1_221' title='bbox 780 3717 934 3806; x_wconf 87' lang='lat' dir='ltr'><em>plerique</em></span> <span class='ocrx_word' id='word_1_222' title='bbox 953 3717 1125 3796; x_wconf 90' lang='lat' dir='ltr'><em>doctores,</em></span> <span class='ocrx_word' id='word_1_223' title='bbox 1148 3739 1292 3804; x_wconf 88' lang='lat' dir='ltr'><em>quorum</em></span> 
     </span>
     <span class='ocr_line' id='line_1_29' title="bbox 168 3825 1291 3915; baseline 0.006 -26"><span class='ocrx_word' id='word_1_224' title='bbox 168 3825 273 3914; x_wconf 86' lang='lat' dir='ltr'><em>aliqui</em></span> <span class='ocrx_word' id='word_1_225' title='bbox 292 3827 410 3893; x_wconf 88' lang='lat' dir='ltr'><em>dieunt</em></span> <span class='ocrx_word' id='word_1_226' title='bbox 427 3827 568 3915; x_wconf 85' lang='lat' dir='ltr'><em>praefato</em></span> <span class='ocrx_word' id='word_1_227' title='bbox 582 3835 681 3896; x_wconf 88' lang='lat' dir='ltr'><em>textu</em></span> <span class='ocrx_word' id='word_1_228' title='bbox 695 3829 894 3896; x_wconf 90' lang='lat' dir='ltr'><em>Tridentino</em></span> <span class='ocrx_word' id='word_1_229' title='bbox 909 3853 978 3896; x_wconf 92' lang='lat' dir='ltr'><em>non</em></span> <span class='ocrx_word' id='word_1_230' title='bbox 993 3830 1158 3896; x_wconf 89' lang='lat' dir='ltr'><em>contineri</em></span> <span class='ocrx_word' id='word_1_231' title='bbox 1172 3853 1291 3896; x_wconf 85' lang='lat' dir='ltr'><em>verum</em></span> 
     </span>
     <span class='ocr_line' id='line_1_30' title="bbox 166 3941 1289 4030; baseline 0.005 -27"><span class='ocrx_word' id='word_1_232' title='bbox 166 3947 374 4028; x_wconf 81' lang='lat' dir='ltr'><em>praeceptum</em></span> <span class='ocrx_word' id='word_1_233' title='bbox 405 3941 446 4006; x_wconf 91' lang='lat' dir='ltr'><em>de</em></span> <span class='ocrx_word' id='word_1_234' title='bbox 478 3941 633 4030; x_wconf 87' lang='lat' dir='ltr'><em>eligenda</em></span> <span class='ocrx_word' id='word_1_235' title='bbox 666 3943 873 4028; x_wconf 85' lang='lat' dir='ltr'><em>cathedrali,</em></span> <span class='ocrx_word' id='word_1_236' title='bbox 906 3945 963 4010; x_wconf 91' lang='lat' dir='ltr'><em>alii</em></span> <span class='ocrx_word' id='word_1_237' title='bbox 992 3967 1073 4010; x_wconf 84' lang='lat' dir='ltr'><em>vero</em></span> <span class='ocrx_word' id='word_1_238' title='bbox 1104 3951 1138 4010; x_wconf 89' lang='lat' dir='ltr'><em>et</em></span> <span class='ocrx_word' id='word_1_239' title='bbox 1168 3944 1289 4010; x_wconf 90' lang='lat' dir='ltr'><em>melius</em></span> 
     </span>
     <span class='ocr_line' id='line_1_31' title="bbox 166 4053 1288 4146; baseline 0.006 -31"><span class='ocrx_word' id='word_1_240' title='bbox 166 4058 283 4118; x_wconf 86' lang='lat' dir='ltr'><em>tenent</em></span> <span class='ocrx_word' id='word_1_241' title='bbox 308 4053 355 4120; x_wconf 85' lang='lat' dir='ltr'><em>ita</em></span> <span class='ocrx_word' id='word_1_242' title='bbox 379 4057 622 4123; x_wconf 90' lang='lat' dir='ltr'><em>consuetudine</em></span> <span class='ocrx_word' id='word_1_243' title='bbox 646 4063 873 4146; x_wconf 90' lang='lat' dir='ltr'><em>temperatum</em></span> <span class='ocrx_word' id='word_1_244' title='bbox 897 4057 1001 4124; x_wconf 87' lang='lat' dir='ltr'><em>fuisse</em></span> <span class='ocrx_word' id='word_1_245' title='bbox 1025 4065 1060 4124; x_wconf 90' lang='lat' dir='ltr'><em>et</em></span> <span class='ocrx_word' id='word_1_246' title='bbox 1082 4057 1288 4145; x_wconf 85' lang='lat' dir='ltr'><em>explicatum</em></span> 
     </span>
    </p>
   </div>
   <div class='ocr_carea' id='block_1_5' title="bbox 192 4213 843 4362">
    <p class='ocr_par' dir='ltr' id='par_1_7' title="bbox 192 4213 843 4362">
     <span class='ocr_line' id='line_1_32' title="bbox 192 4213 599 4276; baseline 0.012 -14"><span class='ocrx_word' id='word_1_247' title='bbox 192 4213 202 4246; x_wconf 84' lang='lat'>¹</span> <span class='ocrx_word' id='word_1_248' title='bbox 220 4213 292 4263; x_wconf 86' lang='lat' dir='ltr'><em>Bull.</em></span> <span class='ocrx_word' id='word_1_249' title='bbox 309 4215 417 4272; x_wconf 72' lang='lat' dir='ltr'><em>Bened„</em></span> <span class='ocrx_word' id='word_1_250' title='bbox 434 4218 453 4265; x_wconf 82' lang='lat' dir='ltr'><em>t.</em></span> <span class='ocrx_word' id='word_1_251' title='bbox 470 4232 506 4276; x_wconf 80' lang='lat' dir='ltr'><em>iv,</em></span> <span class='ocrx_word' id='word_1_252' title='bbox 521 4233 547 4266; x_wconf 94' lang='lat' dir='ltr'><em>n.</em></span> <span class='ocrx_word' id='word_1_253' title='bbox 561 4223 599 4267; x_wconf 82' lang='lat'><em>11.</em></span> 
     </span>
     <span class='ocr_line' id='line_1_33' title="bbox 192 4291 843 4362; baseline 0.017 -24"><span class='ocrx_word' id='word_1_254' title='bbox 192 4291 204 4326; x_wconf 79' lang='lat'>⁸</span> <span class='ocrx_word' id='word_1_255' title='bbox 220 4293 302 4354; x_wconf 83' lang='lat' dir='ltr'><em>Apud</em></span> <span class='ocrx_word' id='word_1_256' title='bbox 317 4293 434 4352; x_wconf 84' lang='lat' dir='ltr'><em>Gireldi‚</em></span> <span class='ocrx_word' id='word_1_257' title='bbox 450 4299 519 4358; x_wconf 85' lang='lat' dir='ltr'><em>part.</em></span> <span class='ocrx_word' id='word_1_258' title='bbox 534 4296 572 4357; x_wconf 92' lang='lat' dir='ltr'><em>II,</em></span> <span class='ocrx_word' id='word_1_259' title='bbox 589 4299 654 4347; x_wconf 86' lang='lat' dir='ltr'><em>sect.</em></span> <span class='ocrx_word' id='word_1_260' title='bbox 668 4313 728 4357; x_wconf 83' lang='lat' dir='ltr'><em>xcv,</em></span> <span class='ocrx_word' id='word_1_261' title='bbox 744 4314 771 4362; x_wconf 88' lang='lat' dir='ltr'><em>p.</em></span> <span class='ocrx_word' id='word_1_262' title='bbox 787 4302 843 4348; x_wconf 83' lang='grc'><strong>918.</strong></span> 
     </span>
    </p>
   </div>
   <div class='ocr_carea' id='block_1_6' title="bbox 0 0 1654 5056">
    <p class='ocr_par' dir='ltr' id='par_1_8' title="bbox 0 0 1654 5056">
     <span class='ocr_line' id='line_1_34' title="bbox 0 0 1654 5056; baseline 0 7"><span class='ocrx_word' id='word_1_263' title='bbox 0 0 1654 5056; x_wconf 95' lang='lat' dir='ltr'><em> </em></span> 
     </span>
    </p>
   </div>
  </div>
 </body>
</html>
