3294 5054
282 447 325 496 DE
344 445 572 497 ounlnerlone
590 445 841 497 umerosontnr
857 445 1021 500 Vononen
1040 447 1234 498 siuetlctun
1270 445 1324 498 415

197 589 309 677 perior
326 589 525 678 episcopum
542 589 705 669 alienum,
722 589 766 654 nd
784 612 887 676 quem
901 589 1077 656 subditum
1090 614 1190 656 suum
1209 591 1323 658 dimit-

196 704 254 784 tit,
286 704 465 768 certiorem
494 703 603 768 iacere
633 703 756 768 debeat
779 705 820 769 de
841 705 1024 770 existentia
1051 728 1178 786 cnusae,
1200 729 1322 795 nempe

196 816 239 882 de
258 816 413 882 absentia
431 819 582 906 episcopi
601 817 794 899 dioeoesnni,
815 827 875 884 aut
894 819 1118 884 ordinationis
1136 819 1179 884 ab
1194 843 1233 884 eo
1253 843 1322 886 non

197 929 377 1013 habendae,
417 931 588 997 tenebitur
624 931 782 996 exhibere
818 933 1014 1021 praedictam
1050 934 1319 1016 attestationem,

195 1045 331 1132 quoties
362 1068 431 1110 non
459 1053 583 1134 presto
613 1047 678 1112 erit
707 1047 802 1111 aliud
831 1047 983 1112 medium
1014 1070 1151 1112 causam
1179 1047 1321 1112 demon-

196 1160 339 1225 strnndi.

245 1387 339 1456 180.
362 1427 405 1438 -
430 1389 636 1476 Requisite
657 1395 702 1456 ut
722 1391 905 1476 superior
923 1388 1129 1458 subditum
1147 1389 1323 1458 dimittet

196 1501 248 1568 ed
266 1503 429 1572 ordines
451 1522 599 1572 eeoroe.

242 1618 275 1679 1⁰
293 1615 415 1694 Quoad
434 1627 509 1682 vote
527 1641 547 1682 e
572 1618 710 1682 subdito
727 1619 865 1702 emese,
887 1617 936 1682 sic
955 1618 1117 1683 statuitur
1131 1619 1165 1682 in
1186 1619 1321 1684 decreto

196 1729 318 1796 ,ductis
347 1754 360 1798 .·
396 1755 411 1796 s
448 1733 578 1796 Horum
610 1731 847 1797 institutorum
882 1733 1057 1820 (votorum
1097 1733 1321 1820 simplicium)

195 1846 388 1933 superiores
418 1869 487 1910 non
511 1846 644 1933 possint
668 1846 703 1910 in
729 1853 903 1934 posterum
929 1845 1060 1910 litteras
1077 1846 1323 1912 dimissoriales

195 1959 381 2025 concedere
409 1983 470 2048 pro
499 1961 604 2024 sacris
634 1958 826 2040 ordinibuS,
852 1959 908 2024 vel
936 1960 1253 2048 quomodocumque
1279 1959 1323 2024 ed

198 2097 312 2138 sacros
331 2074 467 2139 ordines
492 2073 650 2138 alumnos
676 2097 875 2162 promovere
903 2073 1005 2138 titulo
1023 2097 1150 2138 mensae
1169 2098 1322 2140 commn-

197 2189 250 2252 nis
269 2188 326 2253 vei
350 2188 542 2269 missionis,
564 2187 631 2252 nisi
650 2188 720 2252 iliis
745 2196 878 2252 tentum
902 2188 1051 2252 alumnis
1069 2190 1131 2274 qui
1150 2199 1226 2254 note
1245 2191 1322 2276 qui·

197 2302 274 2365 dem
304 2303 487 2387 simplicio,
513 2303 571 2366 sed
596 2311 778 2386 perpetue,
799 2302 879 2387 jem
903 2301 1091 2384 emiserint,
1123 2311 1154 2365 et
1177 2305 1322 2388 proprio

195 2415 353 2480 mtitoto
376 2416 548 2480 stabiliter
570 2415 751 2500 aqqoeqan
770 2415 920 2498 fuerint,
952 2415 1003 2478 vel
1026 2415 1090 2500 qni
1114 2416 1236 2480 saitem
1257 2439 1323 2502 per

197 2529 385 2593 trienninm
404 2529 656 2614 permanserint
681 2528 715 2591 in
740 2528 825 2592 votis
845 2527 1059 2612 simplicibus
1080 2530 1319 2613 temporsrreis,

195 2643 311 2726 quood
339 2665 375 2706 ee
403 2643 560 2706 institute
583 2664 660 2727 ques
680 2640 772 2704 ultre
800 2641 985 2704 triennium
1005 2649 1207 2726 perpetuam
1226 2643 1322 2725 diffe-

198 2764 280 2818 runt
303 2757 598 2840 professionem.»
621 2753 718 2819 Unde
742 2753 930 2844 vetegitur
956 2754 997 2818 de
1021 2754 1179 2819 instituto
1199 2755 1234 2818 in
1254 2777 1322 2842 quo

195 2867 360 2955 professio
390 2875 552 2955 perpetua
583 2889 650 2930 non
678 2867 867 2931 remittitur
894 2867 986 2930 ultre
1017 2867 1204 2930 trierutium
1228 2877 1322 2933 voto-

198 3002 277 3044 rum
297 2989 604 3066 temporeneorum,
627 2980 682 3044 vel
702 2980 814 3066 agitur
833 2979 875 3044 de
896 2979 1055 3044 instituto
1082 2980 1118 3043 in
1142 3003 1211 3067 quo
1232 2981 1321 3048 dicte

195 3093 362 3182 professio
388 3095 577 3158 remittitur
602 3093 693 3156 ultro
719 3093 916 3157 triennium.
938 3092 978 3158 ln
998 3093 1109 3180 priore
1126 3116 1221 3174 casu,
1243 3093 1322 3158 sub-

195 3209 290 3273 ditus
328 3208 457 3273 dimitti
499 3215 613 3296 potest
654 3207 697 3272 ad
737 3205 1043 3287 subdiaconatum,
1087 3209 1203 3271 stetim
1242 3217 1322 3294 post

194 3323 353 3388 emissem
378 3323 642 3407 professionem,
675 3327 713 3386 et
744 3319 886 3406 proinde
918 3319 1015 3402 licet,
1041 3321 1140 3408 juxta
1174 3322 1323 3387 instituti

195 3437 475 3518 constitutiones,
497 3435 663 3523 professio
687 3443 850 3522 perpetue
876 3433 987 3499 emitti
1009 3435 1119 3499 soleet
1137 3443 1217 3522 post
1236 3437 1321 3500 duos

195 3557 347 3632 tentum,
386 3557 446 3616 out
477 3551 581 3614 etiam
617 3571 725 3614 unum
762 3571 891 3613 annum
921 3555 1079 3612 votorum
1100 3549 1319 3637 simplicium,

194 3665 275 3753 quie
303 3672 420 3731 textus
446 3665 575 3730 decreti
602 3686 671 3728 non
699 3663 875 3742 distinxit;
907 3662 1034 3749 dequo
1051 3664 1203 3728 notanda
1230 3663 1319 3732 duo:

199 3779 229 3845 i.
271 3781 487 3846 Revocantur
524 3779 559 3844 in
598 3777 734 3842 decreto
776 3777 898 3840 Auctis
933 3777 1048 3840 omnia
1089 3777 1222 3842 indulta
1263 3787 1322 3844 eut

200 3895 378 3985 privilegia
412 3893 604 3974 contrarie,
638 3931 684 3942 -
716 3891 749 3956 2.
783 3891 859 3955 Non
896 3889 1042 3976 emplius
1070 3890 1323 3980 dispensabitur

195 4007 354 4074 subditus
383 4015 423 4073 ut
451 4031 585 4072 sacrum
615 4005 770 4072 ordinem
802 4003 944 4092 recipiet
966 4011 1045 4070 ante
1076 4005 1323 4092 professionem

191 4131 415 4209 perpetuam,
455 4121 516 4187 sed
565 4127 718 4200 tantum,
761 4125 959 4183 oecurrente
1004 4141 1105 4183 causa
1150 4119 1321 4206 legitimo,

196 4243 235 4302 ut
262 4237 448 4322 anticipare
476 4237 585 4322 possit
613 4235 700 4299 liene
731 4233 978 4319 professionem
1007 4241 1226 4318 perpetuom,
1257 4257 1323 4322 qua
