3300 5056
322 461 373 515 256
587 459 631 513 DE
650 461 789 514 LEGIBUS
808 461 921 514 SAGRAE
940 461 1178 515 onnlrmrlolvls

321 629 489 672 concessae
513 628 574 694 per
598 627 635 672 se
662 605 773 694 ipsum
798 605 962 670 inservire
985 604 1111 694 possit;
1133 642 1177 654 -
1200 603 1243 670 ob
1266 607 1444 692 penuriam

320 722 596 803 sacerdotum...;
611 761 656 770 -
670 721 714 786 ob
734 721 892 786 solatium
910 721 1018 809 patris
1035 720 1092 786 vel
1111 721 1241 804 matris,
1259 722 1444 788 dummodo

320 837 362 903 50
381 836 491 901 aetatis
511 859 618 902 annos
637 811 818 917 excedant,
841 842 876 901 et
894 843 1008 901 orator
1030 835 1152 902 saltem
1176 859 1235 924 per
1257 835 1443 902 triennium

319 952 354 1015 in
372 949 521 1016 clericali
544 949 663 1015 habitu
686 949 828 1015 honeste
850 955 885 1014 et
903 947 1119 1014 laudabiliter
1136 949 1271 1016 vixerit.
1292 989 1338 1000 -
1356 949 1442 1016 Item

318 1063 458 1129 concedi
485 1086 586 1151 posse
614 1063 747 1128 censuit
776 1062 895 1128 eadem
921 1063 1103 1130 indulta...
1132 1063 1304 1130 canonicis
1329 1064 1442 1130 cathe-

317 1177 421 1244 dralis
440 1177 496 1242 vel
515 1178 617 1243 etiam
636 1177 825 1264 collegiatae
844 1176 1011 1258 ecclesian,
1033 1199 1218 1267 eorumque
1237 1178 1440 1266 coadjutori-

316 1293 399 1374 bus;
420 1330 465 1344 -
484 1291 673 1378 magistris,
695 1292 757 1358 sed
774 1291 878 1357 etiam
895 1289 1126 1358 baccalaureis
1144 1292 1180 1357 in
1200 1316 1228 1358 s.
1250 1292 1438 1380 theologia,

316 1405 512 1472 doctoribus
530 1405 723 1494 utriusque,
743 1405 800 1471 vel
819 1405 943 1472 saltem
963 1406 1117 1472 canonici
1131 1407 1236 1495 juris,
1258 1429 1319 1472 seu
1337 1406 1441 1472 licen-

315 1521 425 1602 tiatis,
452 1519 636 1585 dummodo
662 1517 816 1607 singulos
840 1519 1000 1608 praelatos
1026 1520 1153 1607 gradus
1179 1521 1214 1586 in
1241 1519 1377 1610 publica
1404 1528 1440 1586 et

315 1635 500 1723 approbata
521 1633 744 1700 universitate
771 1632 998 1715 obtinuerint;
1026 1671 1071 1684 -
1097 1633 1139 1699 iis
1163 1633 1266 1700 etiam
1292 1635 1351 1724 qni
1374 1635 1439 1700 sal-

315 1756 383 1814 tem
398 1773 459 1838 per
473 1747 658 1814 triennium
672 1747 828 1813 sedulam
846 1731 1027 1835 theologiae
1043 1747 1165 1814 studiis
1181 1771 1319 1837 operam
1333 1771 1440 1815 nava-

313 1863 444 1945 verint3
472 1885 580 1928 —ac
607 1861 748 1928 tandem
775 1862 980 1949 vigesimum
1008 1869 1144 1928 sextum
1170 1863 1282 1929 aetatis
1310 1886 1438 1929 annum

313 1977 571 2059 excedentibus,
593 1975 622 2042 si
645 1999 705 2065 per
729 1976 913 2042 triennium
936 1977 971 2042 in
991 1977 1139 2044 clericali
1158 1977 1277 2044 habitu
1295 1977 1437 2044 honeste

314 2101 348 2160 et
377 2091 593 2158 laudabiliter
621 2089 818 2156 vixerint.»
846 2129 890 2141 -
916 2091 1114 2158 Notandum
1144 2099 1197 2158 est
1226 2093 1288 2158 has
1318 2115 1437 2158 causas

313 2207 426 2296 potius
457 2205 634 2270 indicative
661 2226 765 2293 quam
796 2207 942 2271 tacetive
970 2205 1136 2294 assignari
1167 2213 1201 2272 et
1229 2206 1306 2272 ideo
1336 2230 1436 2295 posse

207 2408 209 2412 Ι
312 2321 415 2386 etiam
435 2319 519 2384 alias
539 2319 667 2384 similes
685 2319 841 2407 proponi.

356 2436 390 2499 h.
410 2435 459 2500 Dc
474 2455 591 2498 eorum
611 2433 886 2518 interpretatione
905 2441 937 2497 et
952 2435 1186 2500 exsecutione:
1206 2461 1224 2495 «
1242 2433 1329 2500 ltem
1345 2434 1435 2522 (cen-

305 2549 400 2638 suit)
424 2571 602 2635 nunquam
627 2549 835 2612 concedenda
857 2570 924 2633 pro
949 2547 1080 2632 festinis
1105 2547 1224 2613 dichm
1248 2549 1431 2633 continuis,

310 2665 371 2731 sed
395 2687 527 2752 semper
550 2684 612 2749 pro
636 2661 850 2750 interpolatis
873 2661 987 2750 aliquo
1011 2663 1174 2751 temporis
1198 2663 1324 2751 spatio,
1345 2663 1434 2729 arbi-

310 2780 375 2844 trio
399 2777 549 2866 episcopi
573 2775 783 2857 definiend03
870 2799 933 2841 nec
953 2775 1195 2863 (Sanctitatem
1219 2776 1340 2866 Suam)
1364 2779 1434 2866 epi·

309 2917 430 2980 scopos
463 2891 505 2957 ad
538 2913 655 2956 eorum
691 2890 945 2955 exsecutionem
976 2891 1205 2978 adstringere,
1241 2889 1302 2957 sed
1339 2892 1431 2958 illam

309 3030 442 3095 semper
468 3005 605 3071 illorum
631 3003 787 3085 arbitrio,
815 3011 954 3070 onerata
980 3004 1177 3070 eorumdem
1205 3005 1428 3088 conscientia,

306 3121 510 3209 relinquere.
533 3147 550 3181 n

352 3259 380 3301 c.
399 3237 448 3300 De
465 3227 496 3299 vi
512 3235 636 3299 horum
651 3234 864 3298 decretorum
875 3255 888 3298 .·
904 3232 974 3298 haec
989 3240 1105 3299 autem
1120 3233 1235 3299 omnia
1247 3241 1281 3299 et
1295 3233 1430 3324 singula

306 3351 440 3416 decreta
461 3349 632 3414 Sanctitas
652 3347 718 3413 Sua
740 3373 756 3408 a
778 3347 930 3412 laudavit
948 3354 983 3412 et
1001 3345 1218 3436 approbavit,
1239 3371 1279 3414 ac
1303 3349 1428 3414 tamin

306 3464 444 3528 Dataria
472 3469 506 3527 ct
531 3461 717 3528 Secretaria
741 3461 917 3542 Brevium,
944 3483 1046 3548 quam
1075 3485 1094 3526 a
1122 3461 1244 3527 ceteris
1270 3462 1426 3528 omnibus

304 3576 469 3642 ministris
488 3583 523 3640 et
542 3570 744 3641 officialibus
760 3572 882 3656 Curiae,
900 3575 943 3639 ad
957 3597 1043 3662 quos
1062 3575 1247 3663 pertinent,
1263 3583 1426 3666 perpetuo

305 3699 339 3757 et
364 3688 606 3756 inviolabiliter
631 3687 758 3754 servari
784 3688 973 3770 mandavit,
1002 3687 1136 3755 sublata
1162 3688 1320 3755 omnibus
1344 3714 1426 3779 qua-

304 3828 448 3893 cumque
468 3804 629 3869 facultate
648 3803 809 3890 praedicta
832 3802 964 3868 indulta
982 3803 1082 3870 aliter
1101 3826 1204 3892 quam
1222 3803 1266 3869 ad
1284 3803 1426 3870 formam

303 3918 498 3984 corumdem
528 3919 739 3982 decretorum
768 3917 803 3982 in
831 3923 1006 4006 posterum
1032 3917 1247 4006 expediendi
1274 3919 1346 3984 Hac
1372 3918 1426 3984 die

305 4033 344 4098 ll
365 4033 438 4099 dec.
462 4032 567 4098 4693ί
590 4059 620 4100 n,

333 4205 342 4240 ¹
361 4204 433 4254 Ball.
449 4204 533 4260 Rom„
555 4206 574 4252 t.
591 4217 630 4261 rx,
646 4217 672 4264 p.
691 4203 746 4250 sto.
763 4229 791 4238 -
807 4202 946 4265 Leguntur
964 4203 1046 4254 otiam
1065 4203 1137 4267 apud
1156 4203 1273 4262 Giraldi,
1294 4209 1363 4268 part.
1384 4205 1423 4265 11,

301 4287 368 4334 sect.
382 4297 443 4343 xor,
459 4299 485 4346 p.
502 4285 556 4340 atr,
571 4281 614 4329 vel
629 4279 800 4340 llonorantc,
817 4297 843 4344 p.
859 4287 898 4330 62.
