3270 5050
324 529 442 580 SUMMA
459 529 636 580 DOCTRINAE
655 529 846 580 manutius
866 533 909 581 DE
928 533 1107 584 ORDthBUS
1249 532 1280 584 ta

152 675 276 761 agitur,
296 679 336 737 nt
355 679 465 760 patet,
486 672 529 738 de
546 673 622 760 ipsa
646 674 857 738 ordinatione
877 674 1065 763 presbyteri
1085 677 1226 758 omissa,
1246 687 1282 742 et

154 811 221 852 non
240 772 377 852 tautum
396 787 437 851 de
458 788 571 872 officio
595 785 785 874 presbyteri
804 788 948 868 omisso,
969 796 1007 853 ut
1028 789 1165 877 quidam
1186 791 1282 856 dixe-

152 907 244 966 rant.
274 899 377 978 Quod
407 907 566 988 repetunt
593 900 814 987 imperatores
841 901 987 968 Michael
1015 911 1048 968 et
1075 905 1221 969 Basilius
1246 905 1281 969 in

154 1015 299 1104 epistola
317 1014 362 1079 ad
385 1037 500 1102 regem
521 1013 761 1101 Bulgarorum,
783 1038 893 1101 nuper
912 1015 955 1080 ad
979 1018 1080 1082 tidem
1100 1042 1282 1084 converso-

153 1153 229 1194 rum
241 1132 264 1195 ¹.
281 1168 326 1178 -
342 1128 430 1193 Hinc
449 1129 551 1193 istam
570 1128 868 1214 reprehensionem
888 1130 1048 1196 Nicolaus
1068 1139 1183 1198 notam
1203 1133 1282 1197 iacit

152 1242 324 1331 episeopis
352 1241 489 1322 Galliae,
521 1248 561 1306 ut
588 1241 667 1306 illos
695 1242 814 1306 incitet
841 1243 885 1307 ad
911 1266 985 1308 eam
1013 1244 1280 1312 confutandam:

157 1383 172 1415 a
199 1357 291 1436 Quin
316 1363 350 1420 et
376 1355 621 1443 reprehendere
648 1362 826 1442 satagunt,
854 1357 932 1444 quia
957 1381 1060 1444 penes
1085 1359 1283 1424 nos-elerici

155 1469 278 1534 barbas
301 1471 419 1534 radere
443 1493 522 1534 suas
546 1493 614 1533 non
639 1468 809 1550 abnuunt,
832 1457 870 1534 ¹et
899 1472 977 1559 quia
1009 1473 1185 1556 diaconus,
1217 1496 1283 1538 non

154 1595 308 1670 suscepto
324 1585 583 1670 presbyteratus
602 1585 732 1668 officio,
754 1585 847 1669 apud
866 1609 941 1668 nos,
959 1586 1131 1671 episcopus
1148 1585 1284 1650 ordina-

157 1708 215 1764 tur
226 1701 248 1762 ².
280 1725 297 1758 ι)
319 1699 417 1762 Hane
439 1697 738 1785 reprehensionem
762 1721 831 1762 non
855 1705 954 1763 vocat
981 1699 1141 1764 Nicotaus
1163 1677 1284 1764 falsam

156 1821 214 1878 aut
234 1811 498 1892 calumniosam,
518 1819 559 1877 ut
576 1811 691 1899 plures
711 1812 796 1876 alias
815 1819 915 1876 vocat
934 1813 968 1876 in
988 1812 1106 1878 eadem
1126 1814 1282 1900 epistola.

155 1965 200 1976 -
230 1927 328 1991 Hanc
361 1949 443 2012 ergo
478 1925 751 2013 objurgationem
785 1925 894 2012 rejicit
927 1927 1065 2014 quidem
1097 1935 1134 1993 ut
1160 1927 1285 1992 falsam

157 2042 382 2119 flammas,
404 2039 591 2104 monachus
611 2037 841 2119 Corbeiensis,
864 2039 898 2102 in
924 2063 1024 2126 opere
1045 2041 1172 2105 Contra
1194 2041 1285 2105 Grae-

156 2177 277 2218 corum
295 2153 447 2238 opposita
470 2153 550 2216 libri
569 2161 720 2238 quatuor
731 2153 753 2234 ³,
776 2151 836 2216 sed
859 2151 983 2218 fatetur
1002 2176 1118 2218 veram
1137 2155 1282 2234 AEneas‚

157 2269 340 2355 episeopus
363 2265 581 2346 Purisiensis,
608 2266 643 2328 in
669 2266 775 2329 Libro
798 2267 958 2330 adversus
979 2267 1124 2351 Grecos,
1149 2291 1180 2332 c.
1208 2289 1283 2348 ccx,

157 2381 322 2468 illamque
342 2378 496 2444 confutat
514 2379 657 2442 dicendo
677 2379 861 2466 praecipue,
879 2387 957 2467 post
970 2379 1007 2446 S.
1022 2381 1282 2468 Hieronymum,

159 2497 193 2560 in
221 2495 374 2580 episcopo
398 2501 431 2557 et
449 2493 693 2578 presbyterum
717 2494 914 2558 contineri⁴.
937 2492 1037 2571 Quod
1059 2495 1160 2560 valde
1178 2496 1287 2559 movit

158 2607 430 2688 Mabilloniumt,
451 2605 616 2715 aliosque.

204 2725 236 2788 t.
261 2721 323 2786 His
338 2721 447 2786 tribus
466 2720 675 2807 argumentis
691 2719 786 2784 addit
800 2727 958 2808 quartum
974 2720 1155 2804 Mabillon,
1171 2745 1287 2787 exem·

159 2837 214 2925 pla
234 2857 358 2922 nempe
376 2857 510 2914 eorum,
532 2833 606 2922 qui,
629 2834 729 2899 electi
747 2835 783 2898 in
803 2834 977 2899 Romanos
998 2835 1196 2915 Pontifices,
1214 2860 1287 2902 sus-

157 2957 324 3038 ceperunt
342 2950 624 3014 consecrationem
643 2949 878 3034 episcopatem,
897 2951 1018 3014 omisso
1029 2939 1283 3036 presbyteratu.

159 3065 238 3130 Sic:
265 3087 297 3128 a.
325 3058 572 3128 Constantinus
596 3062 756 3150 antipapa
782 3061 855 3151 (an.
883 3063 982 3151 767),
1010 3046 1107 3150 cujus
1131 3073 1287 3129 accurate

159 3177 410 3258 describuntur,
438 3177 474 3241 in
499 3176 607 3240 Libro
633 3177 841 3262 pontificati,
870 3175 1101 3242 ordinationes
1128 3178 1162 3242 in
1189 3179 1287 3243 cteri-

158 3317 254 3376 cum,
271 3291 308 3356 in
325 3292 588 3372 subdiaconum,
605 3291 640 3353 in
660 3291 856 3373 diaconum,
874 3290 1012 3355 demum
1028 3291 1061 3354 in
1081 3293 1283 3378 episcopum,

157 3408 288 3471 omisso
311 3403 567 3494 presbyteram
589 3403 696 3485 unde,
718 3403 819 3492 paulo
842 3409 936 3491 post,
963 3403 1053 3468 idem
1077 3405 1180 3470 Liber
1199 3429 1287 3492 pon-

163 3521 297 3606 tificatis
315 3519 357 3583 de
381 3517 529 3606 Georgia
553 3517 711 3606 episcopo
733 3518 791 3606 qui
816 3517 986 3582 ordinavit
1006 3515 1284 3599 Constantinum,

193 3723 202 3754 ¹
220 3722 302 3785 Apud
316 3721 406 3783 teger,
421 3718 543 3768 Histoire
557 3719 591 3768 de
603 3717 731 3777 Photius,
749 3719 837 3778 Paris,
855 3721 926 3776 1⁸⁴4,
943 3734 970 3781 p.
986 3723 1040 3766 159.

192 3801 204 3836 ⁸
220 3800 326 3849 Nicotai
342 3798 352 3844 1
368 3799 447 3861 epist.
463 3814 526 3850 cun.
540 3797 575 3846 ad
586 3797 765 3846 Hinemarum
778 3799 805 3846 et
820 3796 890 3845 alios
906 3795 1000 3846 Gattiae
1015 3797 1167 3862 episcopam
1183 3799 1286 3862 Migne,

165 3879 193 3926 P.
208 3879 246 3936 L.‚
261 3883 282 3926 t.
298 3893 372 3934 crux,
389 3876 441 3924 cot.
459 3881 527 3924 1155.

193 3955 345 4012 ³Lib.1v,
365 3971 389 4002 c.
405 3970 466 4011 rin,
488 3955 578 4012 initi03
599 3953 703 4015 Migne,
724 3953 753 4000 P.
776 3955 814 4009 Ι,.,
832 3955 850 4001 t.
872 3954 1083 4012 cxx1,col.3³-t.
1101 3955 1212 4003 -Item
1232 3956 1288 4016 epi-

164 4037 236 4097 scopi
251 4034 406 4084 Ganuenta·
426 4033 549 4081 scribunt
563 4047 647 4094 penes
665 4033 741 4094 ipsos
761 4033 812 4080 hoc
831 4046 979 4094 numquam
995 4031 1051 4079 fleri
1067 4033 1184 4096 (Mignm
1200 4033 1230 4081 P.
1247 4033 1286 4089 L.,

165 4117 184 4160 t.
198 4129 270 4169 cxix,
288 4113 340 4160 cot.
357 4113 441 4174 1212).

194 4191 321 4253 tuisne,
340 4189 371 4238 P.
392 4191 431 4246 L,
453 4193 472 4238 t.
493 4204 567 4246 cxxi,
583 4189 635 4237 col.
653 4193 774 4245 759-7623
795 4188 829 4236 cf.
849 4188 910 4244 col.¹
922 4192 981 4245 6893
995 4213 1026 4224 -
1044 4187 1070 4234 S.
1085 4188 1285 4251 Hieronymus,

166 4269 242 4332 epist.
255 4284 348 4326 cxuvr,
365 4267 401 4316 ad
415 4267 601 4330 Evanpetum5
620 4267 724 4328 migne,
742 4265 771 4313 Ρ.
788 4267 827 4323 L.,
845 4269 864 4314 t.
881 4281 947 4324 xxn,
964 4267 1015 4314 cot.
1033 4269 1101 4314 1195.

196 4348 312 4396 ⁵1ncit.
330 4345 541 4399 Commentario,
557 4360 583 4392 n.
600 4349 642 4403 to,
659 4360 685 4407 p.
702 4359 773 4392 cvm.
