3290 5060
336 455 381 505 DE
399 453 696 506 uxruaoumuanlo
715 453 952 506 onuffllrlouls
971 454 1131 508 lIINISTRO
1246 455 1298 509 ¹45
1375 525 1378 532 .

170 599 405 666 audientiam..
421 637 465 648 -
492 597 597 664 Notat
628 605 744 663 tamen
771 597 969 664 Honorante
997 597 1181 686 aliquando
1211 599 1300 667 banc

169 711 346 778 licentiam
366 711 575 800 postulatam
595 711 731 778 luisse'.

405 949 424 1023 5
443 949 477 1008 4.
499 951 553 1008 De
572 949 787 1023 specialiter
806 949 1065 1023 prlvlleqlatts.

219 1137 286 1207 59.
298 1175 346 1190 -
360 1137 557 1227 Specialia
570 1137 782 1226 privilegia
795 1138 927 1226 quoad
941 1145 1174 1226 potestatem
1191 1141 1303 1211 ordi-

173 1253 311 1322 nandi.
334 1291 380 1304 —
405 1255 486 1320 Jure
512 1252 701 1335 communi,
727 1253 906 1341 privilegia
932 1253 1088 1320 ministro
1115 1257 1302 1324 extraordi-

172 1369 265 1435 nario
286 1368 524 1448 ordinationis,
541 1391 664 1456 nempe
678 1367 889 1455 presbytero,
906 1391 1079 1452 concessa,
1096 1393 1164 1436 non
1184 1379 1302 1438 exten·

173 1481 314 1564 duntur,
332 1481 446 1570 quoad
465 1480 612 1562 ordines,
629 1480 719 1546 ultra
733 1487 909 1547 tonsuram
925 1488 959 1547 et
973 1488 1118 1570 quatuor
1132 1483 1297 1566 minores;

173 1597 285 1685 quoad
310 1618 490 1684 personas,
516 1595 608 1662 ultra
633 1593 773 1660 abbates
799 1594 971 1683 regulares
994 1603 1029 1662 et
1056 1598 1243 1664 cardinales
1266 1600 1302 1665 in

174 1710 245 1776 suis
265 1710 395 1792 titulis,
412 1709 513 1798 juxta
532 1709 738 1797 supradicta.
755 1747 801 1760 -
821 1709 924 1775 Porro
944 1711 1105 1800 quaeritur
1124 1736 1207 1778 num
1227 1737 1304 1802 spe·
1388 1738 1393 1746 ·

174 1824 274 1890 cialia
293 1823 472 1913 pririlegia
492 1823 626 1912 possint
650 1823 790 1889 concedi
813 1824 869 1890 vel
893 1824 1021 1891 fuerint
1041 1849 1202 1894 concessa
1226 1827 1305 1896 aliis

173 1939 331 2028 personis
350 1945 409 2004 aut
428 1937 541 2026 quoad
559 1937 645 2002 alios
664 1938 826 2005 ordines:

221 2051 257 2116 l0
278 2051 398 2128 Quoad
417 2053 552 2117 ordines
572 2052 729 2118 minores.
752 2052 844 2119 Ante
864 2052 1045 2119 concilium
1059 2055 1166 2138 Trid.,
1184 2057 1301 2138 multi,

175 2174 298 2258 praeter
317 2165 457 2232 abbates
475 2165 648 2253 regulares
668 2171 702 2232 et
720 2165 925 2248 cardinales,
947 2166 1146 2235 fruebantur
1167 2171 1305 2259 privile-

176 2282 233 2371 gio
252 2281 448 2348 conferendi
466 2279 602 2346 ordines
622 2280 786 2363 minores,
804 2304 838 2346 v.
856 2266 904 2368 g,
923 2282 1023 2347 multi
1041 2282 1181 2350 abbates
1200 2309 1305 2351 saecu-

175 2395 276 2478 lares,
292 2393 583 2476 commendatarii,
599 2401 657 2460 aut
670 2394 728 2460 alii
742 2395 777 2459 in
792 2395 957 2482 dignitate
970 2397 1166 2479 constituti;
1184 2422 1305 2466 verum

176 2511 249 2576 haec
269 2509 383 2575 omnia
401 2508 581 2597 privilegia
599 2516 758 2575 revocata
777 2515 857 2574 sunt
876 2532 895 2574 a
914 2532 1009 2576 conc.
1027 2511 1134 2593 Trid.,
1151 2513 1208 2578 cit.
1226 2537 1303 2603 cap.

176 2625 390 2708 abhatibus,
414 2624 467 2706 lO,
494 2645 578 2688 sess.
600 2621 725 2706 XXIII,
749 2623 799 2687 Du
818 2643 888 2688 aer.
911 2661 956 2672 -
975 2623 1059 2690 Post
1076 2648 1172 2693 conc.
1194 2626 1303 2708 Trid.,

177 2738 354 2805 nonnullis
378 2759 577 2803 concessum
603 2743 655 2802 est
680 2737 771 2803 idern
796 2736 1032 2825 privilegium,
1054 2762 1088 2805 v.
1115 2763 1164 2828 g.,
1190 2739 1305 2806 abbati

177 2852 466 2920 commendatario
495 2850 530 2921 S.
559 2850 675 2917 Mariae
699 2851 885 2934 Farfensis,
912 2851 1107 2918 Primicerio
1136 2853 1170 2920 S.
1198 2854 1306 2922 Marci

177 2967 347 3050 VenetiiS,
371 2967 468 3033 etc.¹.

223 3083 260 3147 2⁰
289 3080 408 3158 Quoad
434 3081 728 3146 subdiaconatum.
759 3117 803 3128 —
832 3077 864 3144 l.
895 3078 1030 3144 Nemini
1059 3079 1200 3147 dubium
1227 3105 1305 3148 esse

176 3203 307 3286 potest,
339 3194 421 3260 licet
451 3193 590 3282 quidam
625 3192 922 3274 contradixerint
955 3193 1037 3281 quin
1068 3194 1110 3260 R.
1145 3195 1304 3262 Pontifex

176 3310 288 3402 possit
305 3307 407 3376 alicui
421 3307 620 3397 presbytero
635 3306 715 3372 darc
732 3313 940 3393 potestatem
954 3307 1149 3374 conferendi
1168 3309 1304 3377 subdia-

177 3431 355 3506 conatum,
376 3431 451 3488 tum
469 3421 565 3511 quia,
587 3443 629 3486 ex
648 3443 701 3503 se,
723 3420 777 3486 bic
797 3420 891 3501 ordo,
913 3427 952 3486 ut
970 3427 1105 3487 constat
1123 3445 1166 3488 ex
1186 3447 1303 3512 supra-

177 3539 290 3619 dictis,
312 3559 347 3602 n.
365 3537 405 3619 8,
427 3535 498 3622 11,
518 3534 554 3599 in
572 3533 692 3600 eodem
711 3533 819 3621 gradu
836 3533 1015 3622 ponendus
1035 3541 1089 3601 est
1107 3559 1146 3601 ac
1165 3537 1303 3603 ordines

177 3653 343 3731 minores;
365 3657 439 3714 tum
458 3648 537 3736 quia
555 3671 591 3714 re
610 3647 683 3735 ipsa
702 3647 861 3712 Gelasius
879 3647 943 3712 hoc
962 3645 1073 3730 docet,
1090 3648 1126 3713 in
1141 3650 1240 3738 epist.
1258 3652 1302 3717 ad

177 3767 357 3856 episcopos
375 3761 545 3843 Lucaniae,
561 3783 596 3827 n.
615 3761 658 3828 6:
683 3787 700 3822 α
716 3761 786 3826 Nec
805 3759 871 3826 sibi
888 3760 1080 3826 meminerit
1096 3761 1301 3854 (presbyter)

176 3881 250 3948 ulla
273 3877 405 3945 ratione
428 3875 583 3956 concedi,
608 3875 679 3940 sinc
701 3895 835 3939 summo
855 3874 1032 3960 pontifice,
1057 3877 1303 3944 subdiaconum

211 4042 220 4076 ¹
238 4041 411 4099 Benenate,
426 4036 525 4088 Prasia
537 4035 697 4094 vicariatus,
714 4051 738 4086 c.
753 4051 775 4096 1,
791 4038 848 4085 not.
865 4041 892 4095 2,
908 4051 935 4100 p.
949 4040 1008 4086 7-8.

210 4120 320 4184 ²Apud
340 4117 516 4168 Benedictum
535 4114 609 4175 XIV,
628 4114 668 4165 De
685 4113 803 4180 synodo,
824 4114 872 4166 lib.
889 4113 927 4174 11,
947 4129 971 4164 c.
989 4129 1029 4176 rr,
1050 4131 1076 4164 n.
1095 4121 1124 4166 10
1141 4117 1190 4182 (ct
1206 4131 1299 4183 supra,

313 4207 326 4234 ⁰
344 4233 350 4244 .

181 4196 374 4340 ufgig'ln
388 4275 518 4333 Thomas,
535 4272 629 4336 Suppl.
646 4275 716 4336 part.
733 4270 785 4330 Ill,
801 4285 832 4335 q,
843 4285 955 4333 xxxma,
971 4275 1022 4323 art.
1036 4277 1063 4332 l,
1080 4273 1114 4322 ad
1128 4279 1152 4324 ³.

259 4388 346 4424 uena
359 4385 478 4424 oaurusr.
1167 4371 1199 4424 lo
