3294 5054
355 449 408 501 418
625 453 668 501 DE
686 452 824 502 LEGIBUS
844 451 957 503 SACllAE
976 452 1214 504 onumlrlouls

357 593 484 659 laribus
503 601 661 658 votorum
681 594 895 676 solemnium,
913 594 956 660 ad
975 619 1059 676 rem,
1076 595 1192 678 latam,
1210 619 1312 684 quarn
1327 603 1479 661 recentes

355 707 390 772 S.
419 709 516 774 Sedis
552 709 807 786 concessiones,
838 709 924 774 illud
957 710 1007 774 uti
1039 719 1169 776 certum
1203 711 1476 798 praesumpsisse,

352 823 445 911 quod
465 824 609 912 quilibet
629 824 811 908 religiosus
831 847 891 888 seu
917 824 1066 890 instituti
1087 826 1246 890 alumnus
1266 825 1368 890 alicui
1391 848 1478 888 sem-

354 962 415 1027 per
443 939 648 1004 monasterio
678 961 738 1003 seu
767 939 881 1003 domui
910 939 956 1004 sit
983 939 1170 1006 addictus:
1202 940 1294 1026 quod
1322 939 1475 1026 quidem,

347 1053 449 1140 juxta
470 1053 637 1140 exposita,
661 1076 779 1140 reapse
800 1075 866 1117 non
883 1052 1018 1139 obtigit.

401 1197 416 1227 a
440 1168 557 1255 ltaque
577 1167 695 1231 eadem
715 1166 749 1232 S.
772 1167 913 1253 Congr.,
940 1168 1099 1232 universa
1124 1169 1172 1232 rei
1195 1169 1326 1234 ratione
1346 1175 1477 1233 mature

349 1305 536 1370 perpensa,
563 1280 815 1345 decernendum
838 1281 971 1346 censuit
998 1281 1130 1347 litteras
1155 1281 1414 1363 dimissorialeS,
1441 1281 1477 1346 in

351 1395 488 1461 casibus
516 1396 557 1459 de
587 1393 710 1482 quibus
741 1417 861 1483 supra,
894 1397 1090 1480 dirigendas
1118 1419 1185 1462 cese
1213 1397 1257 1460 ad
1285 1398 1476 1482 episcopum

349 1513 539 1594 diaeceseos,
562 1511 598 1574 in
621 1511 722 1594 cujus
740 1511 922 1574 seminario
936 1512 1078 1595 prefati
1097 1511 1229 1575 alumni
1248 1511 1370 1575 studiis
1393 1511 1478 1574 dant

350 1648 505 1710 operam,
534 1625 718 1688 dummodo
746 1633 859 1688 tamen
887 1647 944 1688 acu
972 1633 1158 1711 postquam
1184 1626 1248 1710 ipsi
1272 1626 1392 1689 saltem
1411 1646 1478 1709 per

349 1740 525 1823 inteqrum
553 1759 681 1802 annum
712 1739 838 1802 ibidem
866 1740 1065 1803 commorati
1092 1740 1251 1824 suerint,·
1278 1745 1411 1802 servata
1440 1739 1476 1801 in

350 1853 491 1940 reliquis
511 1850 616 1916 lor-ma
636 1873 676 1915 ao
695 1857 813 1916 tenore
832 1851 956 1916 indulti
976 1853 1164 1940 respective
1183 1853 1347 1917 concessi.

395 1995 411 2026 a
436 1967 537 2030 Facta
558 1973 671 2030 autem
692 1965 734 2029 de
754 1967 937 2052 praemissis
964 1967 1129 2031 relatione
1157 1965 1216 2031 SS.
1235 1967 1281 2031 D.
1304 1967 1348 2031 N.
1370 1965 1476 2030 Leoni

346 2080 382 2144 d.
406 2080 507 2145 Prov.
532 2080 600 2144 ΡΡ.
623 2079 703 2144 Xlll
724 2080 757 2143 in
779 2080 949 2144 audientia
969 2079 1083 2145 habita
1104 2079 1147 2144 ab
1167 2080 1380 2168 infrascripto
1400 2103 1475 2144 car-

348 2193 465 2273 dinali,
482 2194 535 2257 die
548 2194 591 2259 30
604 2194 682 2257 maii
700 2193 798 2273 1899,
816 2194 987 2258 Sanctitas
1000 2193 1067 2258 Sua
1080 2195 1281 2258 sententiam
1290 2193 1327 2258 S.
1344 2193 1472 2280 Conqr.

343 2309 493 2394 probare
517 2309 658 2393 dipnata
684 2315 749 2391 est,
779 2331 919 2394 eamque
947 2309 997 2372 uti
1022 2309 1128 2394 leqem
1159 2310 1203 2372 ab
1229 2309 1404 2391 omnibus,
1430 2311 1475 2372 ad

348 2445 433 2508 quos
451 2431 593 2507 spectat,
619 2423 749 2485 seruari
762 2403 885 2508 jussit,
913 2423 1091 2486 contrariis
1110 2421 1384 2510 quibuscumque
1403 2445 1474 2486 non

345 2535 576 2601 obstantibus,

393 2713 409 2744 a
439 2685 563 2749 Datum
595 2685 723 2764 Romae,
755 2707 796 2747 ex
826 2685 1007 2750 secretaria
1036 2693 1230 2750 memorata·
1259 2685 1294 2752 S.
1327 2683 1471 2770 Congr.,

345 2800 401 2864 die
422 2801 441 2864 'l
458 2798 546 2885 junii
570 2797 665 2864 1899.

749 2955 764 2984 a
793 2925 827 2990 S.
850 2927 940 2991 card.
963 2927 1172 2992 Varuurunm
1193 2928 1290 2992 Pras.
1323 2957 1338 2988 »

395 3207 445 3270 De
466 3206 529 3270 hoo
548 3205 685 3269 decreto
705 3203 854 3268 notanda
874 3204 962 3269 duo:
986 3207 1017 3269 l.
1040 3205 1113 3269 Hoc
1132 3205 1307 3270 decretum
1331 3231 1400 3272 non
1420 3217 1475 3272 est

349 3343 442 3385 mera
457 3318 689 3406 interpretatio
700 3317 797 3403 legis,
809 3318 869 3381 sed
881 3340 961 3382 vera
976 3318 1040 3402 lea,
1059 3319 1258 3384 auctoritate
1270 3321 1370 3386 Rom.
1382 3322 1475 3418 Pou-

348 3433 449 3498 tiliois
469 3431 650 3512 servanda;
674 3431 830 3518 ideoque,
851 3431 992 3495 relative
1004 3431 1046 3494 ad
1066 3431 1324 3516 ordinationem,
1343 3436 1475 3522 episco-

349 3570 414 3634 pus
433 3545 604 3610 seminarii
624 3553 676 3609 est
694 3546 866 3630 epiecopus
881 3546 1046 3630 proprius
1064 3545 1279 3611 alumnorum
1298 3547 1475 3634 religioso-

349 3683 424 3725 rum
444 3659 479 3722 in
499 3659 680 3723 seminario
695 3658 908 3744 degentium;
926 3657 970 3722 ad
989 3659 1101 3746 ipsum
1119 3660 1262 3746 proinde
1286 3661 1475 3748 dirigendae

349 3779 430 3838 sunt
450 3772 570 3837 litterae
590 3772 849 3852 dimissoriales,
871 3773 936 3836 nisi
955 3771 1043 3836 absit
1062 3779 1122 3837 aut
1144 3796 1213 3838 nou
1231 3773 1407 3840 habiturus
1427 3777 1476 3841 sit

346 3887 614 3967 ordinationem,
637 3895 695 3951 aut
715 3886 813 3950 sedes
832 3893 946 3966 vacet3
973 3925 1016 3934 —
1040 3887 1071 3950 2.
1094 3887 1140 3953 Ut
1164 3889 1344 3976 episcopus
1368 3891 1476 3954 semi-

349 4002 436 4067 narii
455 4002 499 4065 sit
519 4001 699 4088 episcopus
717 3999 875 4087 proprius
895 3999 1040 4087 alicujus
1059 4001 1206 4082 alumni,
1228 4003 1411 4090 requiritur
1434 4013 1476 4070 ut

349 4115 403 4180 hic
434 4115 468 4178 in
501 4115 680 4180 seminario
711 4121 941 4178 commoratus
970 4113 1071 4179 luerit
1100 4143 1116 4175 a
1140 4115 1262 4181 saltem
1293 4139 1354 4203 per
1382 4119 1477 4184 inte-

346 4253 446 4316 grum
476 4251 603 4293 annum
626 4249 660 4306 »ς
687 4228 778 4314 quod
806 4227 1028 4314 intelligitur,
1052 4252 1119 4292 non
1144 4229 1186 4294 de
1210 4253 1299 4294 anuo
1324 4231 1478 4297 scholari
