3290 5060
362 512 397 566 ab
630 511 674 562 DE
692 509 832 562 LEGIBUS
853 509 966 562 SACRAE
985 509 1221 562 ORDINATIONIS

360 656 586 736 ordinandus,
612 654 721 743 possit
745 653 900 719 ordinare
923 676 984 741 per
1009 653 1131 735 alium,
1153 677 1173 719 a
1193 654 1323 720 fortiori
1346 678 1406 744 per
1429 677 1486 735 se3

359 810 402 822 -
421 771 455 838 2.
477 769 672 837 Bonilaeius
691 767 785 851 VIII,
806 791 881 855 eap.
905 769 993 833 Cum
1013 768 1147 853 nullus,
1169 769 1202 850 3,
1224 769 1300 836 cod.
1321 769 1390 852 tit,
1413 770 1487 834 ait:

362 914 377 948 «
400 885 487 952 Cum
506 883 623 950 nullus
642 882 803 949 clericum
821 882 978 970 paroeciae
996 881 1194 973 (dioecesis)
1214 883 1349 966 alienae,
1365 891 1491 972 praeter

359 999 542 1090 superioris
561 997 669 1086 ipsius
687 995 873 1077 licentiam,
890 994 1013 1062 debeat
1027 995 1197 1080 ordinare,
1214 998 1367 1085 superior
1385 997 1489 1063 intel-

358 1115 476 1204 ligitur
495 1114 531 1180 in
554 1113 617 1178 hoc
641 1135 722 1178 casu
746 1111 925 1200 episcopus
949 1111 990 1175 de
1014 1113 1116 1198 cujus
1135 1112 1265 1177 dioecesi
1286 1120 1337 1178 cst
1360 1114 1404 1194 is,
1425 1115 1489 1199 qui

358 1229 402 1296 ad
430 1229 564 1294 ordines
589 1225 786 1313 promoveri
815 1225 1000 1309 desiderat,
1029 1225 1212 1310 oriundus,
1241 1249 1301 1291 seu
1327 1226 1362 1290 in
1389 1225 1488 1314 cujus

358 1343 495 1409 dioecesi
514 1339 717 1407 beneficium
736 1338 868 1404 obtinet
886 1317 1173 1422 ecclesiasticum,
1191 1362 1251 1405 seu
1271 1337 1389 1420 habet,
1406 1339 1488 1404 licet

358 1457 439 1522 alibi
462 1463 565 1522 natus
590 1454 708 1536 fuerit,
730 1453 941 1519 domicilium
959 1452 995 1516 in
1015 1452 1145 1518 eadem.
1166 1481 1182 1514 »
1203 1492 1248 1503 -
1267 1455 1299 1522 3.
1322 1453 1489 1520 Innocen-

358 1571 426 1638 tius
451 1569 533 1652 XII,
559 1567 654 1635 bulla
679 1567 931 1654 Speculatores,
957 1566 977 1631 I
1003 1588 1084 1631 nov.
1112 1565 1216 1650 1694,
1244 1574 1343 1633 textu
1369 1569 1486 1634 statim

358 1685 512 1766 citando,
534 1683 606 1749 haec
625 1681 740 1747 omnia
759 1681 949 1746 confirmat.

404 1911 472 1982 29.
496 1951 540 1960 -
566 1910 752 1980 Pressius
782 1909 1071 1978 determinatur
1096 1910 1167 1996 qui
1196 1909 1248 1978 sit
1275 1910 1486 1998 episeopus

358 2025 539 2114 originis-
559 2063 604 2072 -
623 2025 710 2089 Rem
729 2022 915 2088 declaravit
939 2021 1158 2088 Innocentius
1181 2021 1262 2104 XII,
1289 2023 1346 2089 cit.
1372 2023 1483 2104 bulla,

357 2141 443 2224 §lt
476 2165 492 2199 α
516 2137 676 2203 Ceterum
700 2136 858 2203 subditus
881 2137 1013 2202 ratione
1038 2137 1179 2225 originis
1205 2137 1235 2202 is
1261 2143 1395 2202 tantum
1421 2138 1483 2218 sit,

357 2276 396 2318 ac
416 2275 490 2317 esse
510 2251 735 2339 intelligatur,
752 2250 811 2338 qui
832 2251 1038 2316 naturaiiter
1052 2259 1148 2316 ortus
1166 2259 1217 2316 est
1235 2251 1270 2316 in
1289 2275 1326 2316 ea
1341 2253 1484 2334 dimersi,

358 2369 392 2432 in
417 2388 485 2453 qua
509 2365 553 2430 ad
576 2365 711 2430 ordines
730 2365 927 2451 promoueri
950 2365 1139 2448 desiderat,·
1162 2366 1347 2430 dummodo
1372 2375 1485 2430 tamen

358 2482 405 2546 ibi
429 2487 529 2544 natus
554 2501 620 2544 non
643 2480 753 2564 suerit
776 2501 818 2542 ex
841 2479 1021 2564 accidenti,
1047 2479 1224 2544 occasione
1248 2479 1407 2545 nimirum
1430 2479 1487 2544 iti—

357 2593 464 2674 neris,
486 2593 604 2675 olIicii,
625 2592 824 2680 legationis,
851 2599 1067 2672 mercaturae,
1088 2593 1144 2657 vel
1168 2593 1320 2681 cujusvis
1343 2594 1487 2659 alterius

357 2707 554 2797 temporalis
583 2730 686 2771 morso
719 2729 779 2772 seu
810 2707 1094 2794 supermanentiae
1123 2706 1197 2794 ejus
1223 2708 1330 2795 patris
1355 2707 1391 2772 in
1424 2707 1486 2773 illo

356 2823 457 2889 loco:
479 2844 546 2910 quo
566 2845 647 2886 casu
666 2819 864 2886 nullatenus
884 2820 1052 2908 ejusmodi
1071 2820 1209 2886 fortuita
1229 2821 1406 2903 nativitas,
1423 2823 1486 2887 sed

356 2959 437 3002 vera
456 2943 590 3000 tantum
609 2941 644 2999 et
662 2934 828 3020 naturalis
847 2935 954 3023 patris
973 2934 1068 3023 origo
1087 2935 1151 3000 erit
1169 2935 1417 3002 attendenda...
1436 2938 1487 3002 nt

357 3052 386 3118 si
410 3057 506 3140 pater
528 3049 563 3114 in
587 3049 698 3114 alieno
722 3047 815 3129 loco,
836 3048 896 3113 uhi
920 3049 994 3137 ejus
1018 3049 1109 3115 lilius
1133 3056 1326 3132 natusest,
1353 3051 1486 3116 tamdiu

358 3187 396 3230 ac
416 3187 455 3230 eo
479 3163 592 3229 animo
617 3185 747 3228 moram
770 3163 927 3245 traxerit,
948 3169 989 3229 ut
1011 3162 1094 3227 inibi
1113 3186 1193 3230 vere
1212 3163 1423 3229 domicilium
1442 3165 1486 3230 de

353 3280 430 3368 jure
454 3277 678 3358 contraxerit,
704 3283 802 3358 tunc,
829 3300 898 3342 non
922 3278 1018 3365 origo
1043 3277 1166 3366 patris,
1190 3278 1250 3342 sed
1274 3277 1485 3344 domicilium

358 3399 567 3482 perpetrem
591 3391 744 3478 legitime
763 3398 801 3456 ut
819 3391 997 3479 praefertur
1017 3398 1245 3474 contractum,
1267 3415 1327 3481 pro
1347 3393 1487 3459 ordina-

359 3509 450 3573 tione
470 3507 623 3595 ejusdem
642 3505 703 3570 lilii
722 3505 853 3570 attendi
872 3504 1004 3572 debet¹.
1025 3533 1041 3568 o
1057 3505 1181 3572 Unde:

382 3632 388 3644 '
405 3621 440 3686 l0
454 3621 643 3710 Episcopus
658 3619 799 3708 originis
818 3619 876 3685 ille
896 3627 948 3686 est
963 3620 997 3684 in
1014 3619 1110 3708 cujus
1124 3619 1262 3686 dioecesi
1277 3621 1486 3688 ordinandus

359 3745 455 3801 ortae
479 3741 532 3800 est
556 3735 772 3818 naturaliter,
793 3733 829 3799 id
852 3742 922 3816 est,
945 3743 1045 3800 natus
1068 3740 1132 3800 est.
1148 3735 1331 3802 -Undet
1355 3738 1385 3801 l.
1407 3736 1486 3801 Non

360 3848 547 3915 attenditur
570 3849 763 3936 conceptio,
791 3847 852 3914 sed
876 3849 1034 3914 nativitas
1041 3867 1056 3932 ,·
1073 3887 1119 3898 -
1137 3849 1169 3914 2.
1196 3849 1272 3914 Non
1297 3849 1487 3915 attenditur

360 3963 522 4029 nativitas
544 3963 735 4049 spiritualis
757 3985 817 4050 per
840 3961 1050 4051 baptismum
1071 3963 1164 4052 (quae
1188 3961 1375 4051 spIritualis
1394 3964 1486 4028 nati-

359 4078 448 4143 vitas
468 4077 656 4143 attenditur
678 4083 813 4142 tantum
835 4099 896 4165 pro
920 4077 1094 4142 conversis
1118 4099 1160 4141 ex
1178 4076 1321 4160 ludaeis,
1344 4085 1424 4159 ete,
1446 4085 1485 4144 ut

392 4241 400 4274 ¹
419 4239 491 4289 Ball.
505 4239 590 4296 Rom„
606 4241 625 4287 t.
641 4253 679 4297 rx,
695 4254 722 4302 p.
743 4243 797 4287 ³75.
812 4264 842 4274 -
858 4237 934 4287 IIenc
950 4237 1050 4288 bullam
1068 4237 1256 4302 Speculatores
1274 4239 1358 4288 habes
1373 4241 1408 4290 ed
1426 4240 1483 4289 cal-

360 4333 418 4368 cem
433 4319 514 4384 hujus
528 4316 688 4376 voluminis,
705 4316 902 4366 Documentum
916 4317 938 4367 I.
