<?xml version="1.0" encoding="UTF-8"?>
<!DOCTYPE html PUBLIC "-//W3C//DTD XHTML 1.0 Transitional//EN"
    "http://www.w3.org/TR/xhtml1/DTD/xhtml1-transitional.dtd">
<html xmlns="http://www.w3.org/1999/xhtml" xml:lang="en" lang="en">
 <head>
  <title>
</title>
<meta http-equiv="Content-Type" content="text/html;charset=utf-8" />
  <meta name='ocr-system' content='tesseract 3.04.00' />
  <meta name='ocr-capabilities' content='ocr_page ocr_carea ocr_par ocr_line ocrx_word'/>
</head>
<body>
  <div class='ocr_page' id='page_1' title='image "./praelectionesde00manygoog_0430.png"; bbox 0 0 3294 5054; ppageno 0'>
   <div class='ocr_carea' id='block_1_1' title="bbox 260 489 1302 543">
    <p class='ocr_par' dir='ltr' id='par_1_1' title="bbox 260 489 1302 543">
     <span class='ocr_line' id='line_1_1' title="bbox 260 489 1302 543; baseline -0.002 -3"><span class='ocrx_word' id='word_1_1' title='bbox 260 491 304 540; x_wconf 80' lang='lat' dir='ltr'><strong>DE</strong></span> <span class='ocrx_word' id='word_1_2' title='bbox 323 490 550 540; x_wconf 73' lang='lat' dir='ltr'><strong>onnlaanoa&#39;n</strong></span> <span class='ocrx_word' id='word_1_3' title='bbox 570 492 819 543; x_wconf 82' lang='lat' dir='ltr'><strong>RELlGlOSOItUll</strong></span> <span class='ocrx_word' id='word_1_4' title='bbox 841 493 1000 542; x_wconf 78' lang='lat' dir='ltr'><strong>toront&#39;n</strong></span> <span class='ocrx_word' id='word_1_5' title='bbox 1021 492 1211 542; x_wconf 82' lang='lat' dir='ltr'><strong>SlllPLlClUll</strong></span> <span class='ocrx_word' id='word_1_6' title='bbox 1251 489 1302 541; x_wconf 69' lang='lat' dir='ltr'><strong>tlt</strong></span> 
     </span>
    </p>
   </div>
   <div class='ocr_carea' id='block_1_2' title="bbox 175 632 1357 1861">
    <p class='ocr_par' dir='ltr' id='par_1_2' title="bbox 175 632 1357 1861">
     <span class='ocr_line' id='line_1_2' title="bbox 175 632 1300 722; baseline 0.002 -24"><span class='ocrx_word' id='word_1_7' title='bbox 175 655 265 698; x_wconf 89' lang='lat' dir='ltr'><strong>anno</strong></span> <span class='ocrx_word' id='word_1_8' title='bbox 288 632 385 712; x_wconf 72' lang='lat'><strong>1899,</strong></span> <span class='ocrx_word' id='word_1_9' title='bbox 409 635 442 696; x_wconf 94' lang='lat' dir='ltr'><strong>in</strong></span> <span class='ocrx_word' id='word_1_10' title='bbox 459 633 596 698; x_wconf 87' lang='lat' dir='ltr'><strong>dioecesi</strong></span> <span class='ocrx_word' id='word_1_11' title='bbox 612 635 808 713; x_wconf 76' lang='lat' dir='ltr'><strong>parisiensi,</strong></span> <span class='ocrx_word' id='word_1_12' title='bbox 826 636 1076 702; x_wconf 74' lang='lat' dir='ltr'><strong>controversia.</strong></span> <span class='ocrx_word' id='word_1_13' title='bbox 1095 642 1132 698; x_wconf 95' lang='lat' dir='ltr'><strong>ut</strong></span> <span class='ocrx_word' id='word_1_14' title='bbox 1147 643 1300 722; x_wconf 89' lang='lat' dir='ltr'><strong>parerat,</strong></span> 
     </span>
     <span class='ocr_line' id='line_1_3' title="bbox 176 747 1357 836; baseline 0 -23"><span class='ocrx_word' id='word_1_15' title='bbox 176 748 332 813; x_wconf 70' lang='lat' dir='ltr'><strong>excitatae</strong></span> <span class='ocrx_word' id='word_1_16' title='bbox 348 747 503 828; x_wconf 84' lang='lat' dir='ltr'><strong>luissent,</strong></span> <span class='ocrx_word' id='word_1_17' title='bbox 527 748 828 814; x_wconf 87' lang='lat' dir='ltr'><strong>Eminentissimus</strong></span> <span class='ocrx_word' id='word_1_18' title='bbox 848 749 936 813; x_wconf 90' lang='lat' dir='ltr'><strong>card.</strong></span> <span class='ocrx_word' id='word_1_19' title='bbox 960 748 1118 829; x_wconf 87' lang='lat' dir='ltr'><strong>Richard,</strong></span> <span class='ocrx_word' id='word_1_20' title='bbox 1141 748 1302 836; x_wconf 90' lang='lat' dir='ltr'><strong>archiepi-</strong></span> <span class='ocrx_word' id='word_1_21' title='bbox 1355 787 1357 794; x_wconf 74' lang='lat'>=</span> 
     </span>
     <span class='ocr_line' id='line_1_4' title="bbox 176 860 1302 950; baseline 0.004 -28"><span class='ocrx_word' id='word_1_22' title='bbox 176 882 300 947; x_wconf 93' lang='lat' dir='ltr'><strong>scopus</strong></span> <span class='ocrx_word' id='word_1_23' title='bbox 330 860 555 941; x_wconf 88' lang='lat' dir='ltr'><strong>Parisiensis,</strong></span> <span class='ocrx_word' id='word_1_24' title='bbox 586 885 658 926; x_wconf 90' lang='lat' dir='ltr'><strong>rem</strong></span> <span class='ocrx_word' id='word_1_25' title='bbox 683 863 858 950; x_wconf 81' lang='lat' dir='ltr'><strong>proposuit</strong></span> <span class='ocrx_word' id='word_1_26' title='bbox 883 861 1146 948; x_wconf 78' lang='lat' dir='ltr'><strong>Congregationi</strong></span> <span class='ocrx_word' id='word_1_27' title='bbox 1176 863 1237 949; x_wconf 83' lang='lat' dir='ltr'><strong>Ep.</strong></span> <span class='ocrx_word' id='word_1_28' title='bbox 1269 869 1302 926; x_wconf 89' lang='lat' dir='ltr'><strong>et</strong></span> 
     </span>
     <span class='ocr_line' id='line_1_5' title="bbox 177 973 1302 1064; baseline 0.001 -26"><span class='ocrx_word' id='word_1_29' title='bbox 177 974 278 1060; x_wconf 83' lang='lat' dir='ltr'><strong>Reg.,</strong></span> <span class='ocrx_word' id='word_1_30' title='bbox 301 997 394 1061; x_wconf 68' lang='lat' dir='ltr'><strong>quae,</strong></span> <span class='ocrx_word' id='word_1_31' title='bbox 418 974 470 1038; x_wconf 93' lang='lat' dir='ltr'><strong>die</strong></span> <span class='ocrx_word' id='word_1_32' title='bbox 501 977 519 1040; x_wconf 78' lang='grc' dir='ltr'><strong>ἵ</strong></span> <span class='ocrx_word' id='word_1_33' title='bbox 544 977 633 1064; x_wconf 89' lang='lat' dir='ltr'><strong>junii</strong></span> <span class='ocrx_word' id='word_1_34' title='bbox 663 977 765 1056; x_wconf 77' lang='lat'><strong>1899,</strong></span> <span class='ocrx_word' id='word_1_35' title='bbox 795 973 968 1041; x_wconf 84' lang='lat' dir='ltr'><strong>decretum</strong></span> <span class='ocrx_word' id='word_1_36' title='bbox 995 975 1100 1041; x_wconf 86' lang='lat' dir='ltr'><strong>edidit</strong></span> <span class='ocrx_word' id='word_1_37' title='bbox 1125 986 1163 1040; x_wconf 89' lang='lat' dir='ltr'><strong>ut</strong></span> <span class='ocrx_word' id='word_1_38' title='bbox 1189 977 1302 1062; x_wconf 93' lang='lat' dir='ltr'><strong>sequi-</strong></span> 
     </span>
     <span class='ocr_line' id='line_1_6' title="bbox 176 1087 1300 1177; baseline 0.003 -27"><span class='ocrx_word' id='word_1_39' title='bbox 176 1091 277 1152; x_wconf 89' lang='lat' dir='ltr'><strong>tur¹:</strong></span> <span class='ocrx_word' id='word_1_40' title='bbox 310 1115 325 1147; x_wconf 92' lang='lat'>«</span> <span class='ocrx_word' id='word_1_41' title='bbox 350 1087 538 1154; x_wconf 77' lang='lat' dir='ltr'><strong>Dacunrnu.</strong></span> <span class='ocrx_word' id='word_1_42' title='bbox 566 1129 610 1138; x_wconf 93' lang='lat'>-</span> <span class='ocrx_word' id='word_1_43' title='bbox 639 1089 742 1170; x_wconf 92' lang='lat' dir='ltr'><strong>Cum,</strong></span> <span class='ocrx_word' id='word_1_44' title='bbox 769 1089 932 1177; x_wconf 77' lang='lat' dir='ltr'><strong>peculiari</strong></span> <span class='ocrx_word' id='word_1_45' title='bbox 961 1088 994 1154; x_wconf 88' lang='lat' dir='ltr'><strong>S.</strong></span> <span class='ocrx_word' id='word_1_46' title='bbox 1027 1089 1125 1154; x_wconf 87' lang='lat' dir='ltr'><strong>Sedis</strong></span> <span class='ocrx_word' id='word_1_47' title='bbox 1149 1088 1300 1160; x_wconf 85' lang='lat' dir='ltr'><strong>indulto,</strong></span> 
     </span>
     <span class='ocr_line' id='line_1_7' title="bbox 176 1200 1319 1290; baseline 0.001 -25"><span class='ocrx_word' id='word_1_48' title='bbox 176 1200 406 1289; x_wconf 90' lang='lat' dir='ltr'><strong>superioribus</strong></span> <span class='ocrx_word' id='word_1_49' title='bbox 430 1203 647 1288; x_wconf 81' lang='lat' dir='ltr'><strong>generalibus</strong></span> <span class='ocrx_word' id='word_1_50' title='bbox 670 1205 895 1268; x_wconf 83' lang='lat' dir='ltr'><strong>recentiorum</strong></span> <span class='ocrx_word' id='word_1_51' title='bbox 921 1203 1239 1290; x_wconf 76' lang='lat' dir='ltr'><strong>congregationum,</strong></span> <span class='ocrx_word' id='word_1_52' title='bbox 1268 1203 1319 1266; x_wconf 88' lang='lat' dir='ltr'><strong>in&#39;</strong></span> 
     </span>
     <span class='ocr_line' id='line_1_8' title="bbox 176 1314 1302 1406; baseline 0.001 -27"><span class='ocrx_word' id='word_1_53' title='bbox 176 1314 299 1404; x_wconf 90' lang='lat' dir='ltr'><strong>quibus</strong></span> <span class='ocrx_word' id='word_1_54' title='bbox 327 1322 407 1380; x_wconf 87' lang='lat' dir='ltr'><strong>vota</strong></span> <span class='ocrx_word' id='word_1_55' title='bbox 440 1315 618 1382; x_wconf 81' lang='lat' dir='ltr'><strong>dumtaxat</strong></span> <span class='ocrx_word' id='word_1_56' title='bbox 647 1318 814 1406; x_wconf 91' lang='lat' dir='ltr'><strong>simplicia</strong></span> <span class='ocrx_word' id='word_1_57' title='bbox 847 1325 1102 1405; x_wconf 84' lang='lat' dir='ltr'><strong>nuncupantur,</strong></span> <span class='ocrx_word' id='word_1_58' title='bbox 1135 1317 1302 1404; x_wconf 90' lang='lat' dir='ltr'><strong>impertiri</strong></span> 
     </span>
     <span class='ocr_line' id='line_1_9' title="bbox 177 1428 1301 1517; baseline -0.001 -23"><span class='ocrx_word' id='word_1_59' title='bbox 177 1428 300 1510; x_wconf 87' lang='lat' dir='ltr'><strong>soleat,</strong></span> <span class='ocrx_word' id='word_1_60' title='bbox 328 1429 371 1493; x_wconf 90' lang='lat' dir='ltr'><strong>ad</strong></span> <span class='ocrx_word' id='word_1_61' title='bbox 399 1437 530 1494; x_wconf 88' lang='lat' dir='ltr'><strong>certum</strong></span> <span class='ocrx_word' id='word_1_62' title='bbox 554 1437 706 1517; x_wconf 81' lang='lat' dir='ltr'><strong>tempuS,</strong></span> <span class='ocrx_word' id='word_1_63' title='bbox 734 1431 879 1496; x_wconf 87' lang='lat' dir='ltr'><strong>facultas</strong></span> <span class='ocrx_word' id='word_1_64' title='bbox 903 1430 1111 1495; x_wconf 88' lang='lat' dir='ltr'><strong>concedendi</strong></span> <span class='ocrx_word' id='word_1_65' title='bbox 1131 1431 1201 1496; x_wconf 94' lang='lat' dir='ltr'><strong>suis</strong></span> <span class='ocrx_word' id='word_1_66' title='bbox 1222 1429 1301 1494; x_wconf 92' lang='lat' dir='ltr'><strong>sub-</strong></span> 
     </span>
     <span class='ocr_line' id='line_1_10' title="bbox 176 1542 1301 1631; baseline 0.002 -25"><span class='ocrx_word' id='word_1_67' title='bbox 176 1542 257 1607; x_wconf 93' lang='lat' dir='ltr'><strong>ditis</strong></span> <span class='ocrx_word' id='word_1_68' title='bbox 290 1543 422 1607; x_wconf 87' lang='lat' dir='ltr'><strong>litteras</strong></span> <span class='ocrx_word' id='word_1_69' title='bbox 458 1544 701 1610; x_wconf 86' lang='lat' dir='ltr'><strong>dimissoriales</strong></span> <span class='ocrx_word' id='word_1_70' title='bbox 734 1545 778 1610; x_wconf 91' lang='lat' dir='ltr'><strong>ad</strong></span> <span class='ocrx_word' id='word_1_71' title='bbox 810 1545 946 1610; x_wconf 92' lang='lat' dir='ltr'><strong>ordines</strong></span> <span class='ocrx_word' id='word_1_72' title='bbox 980 1543 1232 1631; x_wconf 78' lang='lat' dir='ltr'><strong>suscipiendOS,</strong></span> <span class='ocrx_word' id='word_1_73' title='bbox 1263 1567 1301 1608; x_wconf 87' lang='lat' dir='ltr'><strong>ea</strong></span> 
     </span>
     <span class='ocr_line' id='line_1_11' title="bbox 175 1653 1301 1745; baseline 0 -24"><span class='ocrx_word' id='word_1_74' title='bbox 175 1663 290 1722; x_wconf 86' lang='lat' dir='ltr'><strong>tamen</strong></span> <span class='ocrx_word' id='word_1_75' title='bbox 311 1656 525 1740; x_wconf 89' lang='lat' dir='ltr'><strong>condicione,</strong></span> <span class='ocrx_word' id='word_1_76' title='bbox 553 1665 590 1723; x_wconf 93' lang='lat' dir='ltr'><strong>ut</strong></span> <span class='ocrx_word' id='word_1_77' title='bbox 610 1653 746 1724; x_wconf 87' lang='lat' dir='ltr'><strong>easdem</strong></span> <span class='ocrx_word' id='word_1_78' title='bbox 770 1659 903 1724; x_wconf 85' lang='lat' dir='ltr'><strong>litteras</strong></span> <span class='ocrx_word' id='word_1_79' title='bbox 931 1659 1080 1745; x_wconf 81' lang='lat' dir='ltr'><strong>dirigant</strong></span> <span class='ocrx_word' id='word_1_80' title='bbox 1104 1658 1147 1722; x_wconf 90' lang='lat' dir='ltr'><strong>ad</strong></span> <span class='ocrx_word' id='word_1_81' title='bbox 1170 1658 1301 1745; x_wconf 91' lang='lat' dir='ltr'><strong>episco-</strong></span> 
     </span>
     <span class='ocr_line' id='line_1_12' title="bbox 176 1769 1302 1861; baseline -0.002 -25"><span class='ocrx_word' id='word_1_82' title='bbox 176 1793 258 1859; x_wconf 92' lang='lat' dir='ltr'><strong>pum</strong></span> <span class='ocrx_word' id='word_1_83' title='bbox 287 1769 460 1854; x_wconf 90' lang='lat' dir='ltr'><strong>dioecesis,</strong></span> <span class='ocrx_word' id='word_1_84' title='bbox 490 1773 580 1837; x_wconf 90' lang='lat' dir='ltr'><strong>intra</strong></span> <span class='ocrx_word' id='word_1_85' title='bbox 608 1773 706 1861; x_wconf 90' lang='lat' dir='ltr'><strong>cujus</strong></span> <span class='ocrx_word' id='word_1_86' title='bbox 735 1773 862 1838; x_wconf 90' lang='lat' dir='ltr'><strong>limites</strong></span> <span class='ocrx_word' id='word_1_87' title='bbox 890 1774 945 1861; x_wconf 90' lang='lat' dir='ltr'><strong>pia</strong></span> <span class='ocrx_word' id='word_1_88' title='bbox 974 1773 1096 1837; x_wconf 90' lang='lat' dir='ltr'><strong>domus</strong></span> <span class='ocrx_word' id='word_1_89' title='bbox 1124 1770 1302 1836; x_wconf 92' lang='lat' dir='ltr'><strong>ordinandi</strong></span> 
     </span>
    </p>
   </div>
   <div class='ocr_carea' id='block_1_3' title="bbox 176 1883 1304 2429">
    <p class='ocr_par' dir='ltr' id='par_1_3' title="bbox 176 1883 1304 2429">
     <span class='ocr_line' id='line_1_13' title="bbox 176 1883 1300 1970; baseline -0.001 -22"><span class='ocrx_word' id='word_1_90' title='bbox 176 1884 353 1970; x_wconf 85' lang='lat' dir='ltr'><strong>reperitur,</strong></span> <span class='ocrx_word' id='word_1_91' title='bbox 375 1885 441 1950; x_wconf 93' lang='lat' dir='ltr'><strong>nisi</strong></span> <span class='ocrx_word' id='word_1_92' title='bbox 461 1885 514 1949; x_wconf 91' lang='lat' dir='ltr'><strong>hio</strong></span> <span class='ocrx_word' id='word_1_93' title='bbox 539 1885 684 1951; x_wconf 89' lang='lat' dir='ltr'><strong>abfuerit</strong></span> <span class='ocrx_word' id='word_1_94' title='bbox 704 1893 762 1951; x_wconf 92' lang='lat' dir='ltr'><strong>aut</strong></span> <span class='ocrx_word' id='word_1_95' title='bbox 782 1886 1030 1950; x_wconf 88' lang='lat' dir='ltr'><strong>ordinationem</strong></span> <span class='ocrx_word' id='word_1_96' title='bbox 1056 1907 1123 1949; x_wconf 91' lang='lat' dir='ltr'><strong>non</strong></span> <span class='ocrx_word' id='word_1_97' title='bbox 1144 1885 1187 1948; x_wconf 93' lang='lat' dir='ltr'><strong>sit</strong></span> <span class='ocrx_word' id='word_1_98' title='bbox 1206 1883 1300 1948; x_wconf 88' lang='lat' dir='ltr'><strong>habi-</strong></span> 
     </span>
     <span class='ocr_line' id='line_1_14' title="bbox 176 1997 1303 2088; baseline -0.003 -24"><span class='ocrx_word' id='word_1_99' title='bbox 176 2007 285 2078; x_wconf 88' lang='lat' dir='ltr'><strong>turus,</strong></span> <span class='ocrx_word' id='word_1_100' title='bbox 308 2022 396 2064; x_wconf 88' lang='lat' dir='ltr'><strong>nova</strong></span> <span class='ocrx_word' id='word_1_101' title='bbox 425 1999 582 2087; x_wconf 75' lang='lat' dir='ltr'><strong>quaedam</strong></span> <span class='ocrx_word' id='word_1_102' title='bbox 603 2007 720 2066; x_wconf 87' lang='lat' dir='ltr'><strong>exorta</strong></span> <span class='ocrx_word' id='word_1_103' title='bbox 739 2009 791 2065; x_wconf 92' lang='lat' dir='ltr'><strong>est</strong></span> <span class='ocrx_word' id='word_1_104' title='bbox 815 2000 974 2088; x_wconf 79' lang='lat' dir='ltr'><strong>quaesti0,</strong></span> <span class='ocrx_word' id='word_1_105' title='bbox 998 2021 1071 2087; x_wconf 68' lang='lat' dir='ltr'><strong>quai</strong></span> <span class='ocrx_word' id='word_1_106' title='bbox 1101 1997 1142 2062; x_wconf 91' lang='lat' dir='ltr'><strong>ab</strong></span> <span class='ocrx_word' id='word_1_107' title='bbox 1167 1999 1251 2063; x_wconf 87' lang='lat' dir='ltr'><strong>Emo</strong></span> <span class='ocrx_word' id='word_1_108' title='bbox 1271 2005 1303 2061; x_wconf 86' lang='lat' dir='ltr'><strong>ct</strong></span> 
     </span>
     <span class='ocr_line' id='line_1_15' title="bbox 177 2112 1304 2200; baseline -0.002 -22"><span class='ocrx_word' id='word_1_109' title='bbox 177 2113 265 2178; x_wconf 88' lang='lat' dir='ltr'><strong>Rmo</strong></span> <span class='ocrx_word' id='word_1_110' title='bbox 286 2112 320 2178; x_wconf 90' lang='lat' dir='ltr'><strong>S.</strong></span> <span class='ocrx_word' id='word_1_111' title='bbox 342 2112 385 2178; x_wconf 89' lang='lat' dir='ltr'><strong>R.</strong></span> <span class='ocrx_word' id='word_1_112' title='bbox 408 2113 447 2179; x_wconf 90' lang='lat' dir='ltr'><strong>E.</strong></span> <span class='ocrx_word' id='word_1_113' title='bbox 471 2113 636 2180; x_wconf 86' lang='lat' dir='ltr'><strong>cardinali</strong></span> <span class='ocrx_word' id='word_1_114' title='bbox 657 2115 694 2178; x_wconf 88' lang='lat' dir='ltr'><strong>F.</strong></span> <span class='ocrx_word' id='word_1_115' title='bbox 722 2114 769 2180; x_wconf 89' lang='lat' dir='ltr'><strong>M.</strong></span> <span class='ocrx_word' id='word_1_116' title='bbox 799 2115 837 2178; x_wconf 90' lang='lat' dir='ltr'><strong>B.</strong></span> <span class='ocrx_word' id='word_1_117' title='bbox 860 2113 1024 2194; x_wconf 84' lang='lat' dir='ltr'><strong>Richard,</strong></span> <span class='ocrx_word' id='word_1_118' title='bbox 1051 2113 1304 2200; x_wconf 87' lang='lat' dir='ltr'><strong>archiepiscopo</strong></span> 
     </span>
     <span class='ocr_line' id='line_1_16' title="bbox 178 2227 1304 2315; baseline 0 -24"><span class='ocrx_word' id='word_1_119' title='bbox 178 2227 378 2308; x_wconf 78' lang='lat' dir='ltr'><strong>parisiensi,</strong></span> <span class='ocrx_word' id='word_1_120' title='bbox 413 2227 492 2292; x_wconf 88' lang='lat' dir='ltr'><strong>hnic</strong></span> <span class='ocrx_word' id='word_1_121' title='bbox 525 2227 559 2293; x_wconf 90' lang='lat' dir='ltr'><strong>S.</strong></span> <span class='ocrx_word' id='word_1_122' title='bbox 592 2227 857 2315; x_wconf 82' lang='lat' dir='ltr'><strong>Congregationi</strong></span> <span class='ocrx_word' id='word_1_123' title='bbox 886 2229 949 2315; x_wconf 86' lang='lat' dir='ltr'><strong>Ep.</strong></span> <span class='ocrx_word' id='word_1_124' title='bbox 976 2234 1010 2292; x_wconf 88' lang='lat' dir='ltr'><strong>et</strong></span> <span class='ocrx_word' id='word_1_125' title='bbox 1043 2227 1129 2311; x_wconf 81' lang='lat' dir='ltr'><strong>Reg.</strong></span> <span class='ocrx_word' id='word_1_126' title='bbox 1161 2249 1238 2312; x_wconf 83' lang='lat' dir='ltr'><strong>neg.</strong></span> <span class='ocrx_word' id='word_1_127' title='bbox 1271 2235 1304 2291; x_wconf 87' lang='lat' dir='ltr'><strong>et</strong></span> 
     </span>
     <span class='ocr_line' id='line_1_17' title="bbox 178 2341 949 2429; baseline 0.001 -24"><span class='ocrx_word' id='word_1_128' title='bbox 178 2342 325 2406; x_wconf 90' lang='lat' dir='ltr'><strong>consult.</strong></span> <span class='ocrx_word' id='word_1_129' title='bbox 347 2342 551 2429; x_wconf 74' lang='lat' dir='ltr'><strong>praepositae,</strong></span> <span class='ocrx_word' id='word_1_130' title='bbox 574 2365 681 2429; x_wconf 90' lang='lat' dir='ltr'><strong>nuper</strong></span> <span class='ocrx_word' id='word_1_131' title='bbox 701 2341 854 2428; x_wconf 86' lang='lat' dir='ltr'><strong>subjecta</strong></span> <span class='ocrx_word' id='word_1_132' title='bbox 875 2341 949 2406; x_wconf 85' lang='lat' dir='ltr'><strong>luit.</strong></span> 
     </span>
    </p>
   </div>
   <div class='ocr_carea' id='block_1_4' title="bbox 176 2455 1307 4134">
    <p class='ocr_par' dir='ltr' id='par_1_4' title="bbox 176 2455 1307 4001">
     <span class='ocr_line' id='line_1_18' title="bbox 223 2455 1304 2544; baseline -0.003 -24"><span class='ocrx_word' id='word_1_133' title='bbox 223 2482 239 2514; x_wconf 76' lang='grc' dir='ltr'>α</span> <span class='ocrx_word' id='word_1_134' title='bbox 264 2455 430 2542; x_wconf 84' lang='lat' dir='ltr'><strong>Exposuit</strong></span> <span class='ocrx_word' id='word_1_135' title='bbox 454 2479 576 2543; x_wconf 85' lang='lat' dir='ltr'><strong>nempe</strong></span> <span class='ocrx_word' id='word_1_136' title='bbox 596 2455 1116 2544; x_wconf 71' lang='lat' dir='ltr'><strong>praelaudatus&#39;archiepiscopus</strong></span> <span class='ocrx_word' id='word_1_137' title='bbox 1137 2475 1205 2518; x_wconf 92' lang='lat' dir='ltr'><strong>non</strong></span> <span class='ocrx_word' id='word_1_138' title='bbox 1230 2477 1304 2518; x_wconf 89' lang='lat' dir='ltr'><strong>raro</strong></span> 
     </span>
     <span class='ocr_line' id='line_1_19' title="bbox 178 2566 1304 2658; baseline -0.003 -25"><span class='ocrx_word' id='word_1_139' title='bbox 178 2570 375 2656; x_wconf 87' lang='lat' dir='ltr'><strong>contingere</strong></span> <span class='ocrx_word' id='word_1_140' title='bbox 409 2577 447 2635; x_wconf 92' lang='lat' dir='ltr'><strong>ut</strong></span> <span class='ocrx_word' id='word_1_141' title='bbox 484 2570 678 2658; x_wconf 91' lang='lat' dir='ltr'><strong>hujusmodi</strong></span> <span class='ocrx_word' id='word_1_142' title='bbox 713 2593 828 2656; x_wconf 85' lang='lat' dir='ltr'><strong>congr.</strong></span> <span class='ocrx_word' id='word_1_143' title='bbox 851 2593 923 2634; x_wconf 49' lang='lat' dir='ltr'><strong>,seu</strong></span> <span class='ocrx_word' id='word_1_144' title='bbox 956 2571 1036 2634; x_wconf 92' lang='lat' dir='ltr'><strong>inst.</strong></span> <span class='ocrx_word' id='word_1_145' title='bbox 1068 2568 1217 2648; x_wconf 90' lang='lat' dir='ltr'><strong>sodales,</strong></span> <span class='ocrx_word' id='word_1_146' title='bbox 1249 2566 1304 2631; x_wconf 91' lang='lat' dir='ltr'><strong>ubi</strong></span> 
     </span>
     <span class='ocr_line' id='line_1_20' title="bbox 176 2681 1306 2771; baseline -0.003 -24"><span class='ocrx_word' id='word_1_147' title='bbox 176 2683 324 2770; x_wconf 91' lang='lat' dir='ltr'><strong>primum</strong></span> <span class='ocrx_word' id='word_1_148' title='bbox 344 2691 501 2748; x_wconf 80' lang='lat' dir='ltr'><strong>votorum</strong></span> <span class='ocrx_word' id='word_1_149' title='bbox 519 2684 765 2771; x_wconf 79' lang='lat' dir='ltr'><strong>professionem</strong></span> <span class='ocrx_word' id='word_1_150' title='bbox 785 2684 971 2764; x_wconf 90' lang='lat' dir='ltr'><strong>emiserint,</strong></span> <span class='ocrx_word' id='word_1_151' title='bbox 989 2683 1069 2771; x_wconf 94' lang='lat' dir='ltr'><strong>quin</strong></span> <span class='ocrx_word' id='word_1_152' title='bbox 1090 2690 1189 2746; x_wconf 77' lang='lat' dir='ltr'><strong>certa·</strong></span> <span class='ocrx_word' id='word_1_153' title='bbox 1209 2681 1306 2745; x_wconf 93' lang='lat' dir='ltr'><strong>insti-</strong></span> 
     </span>
     <span class='ocr_line' id='line_1_21' title="bbox 178 2796 1305 2878; baseline -0.003 -17"><span class='ocrx_word' id='word_1_154' title='bbox 178 2797 244 2862; x_wconf 93' lang='lat' dir='ltr'><strong>tuti</strong></span> <span class='ocrx_word' id='word_1_155' title='bbox 267 2796 383 2862; x_wconf 93' lang='lat' dir='ltr'><strong>domui</strong></span> <span class='ocrx_word' id='word_1_156' title='bbox 409 2798 652 2878; x_wconf 86' lang='lat' dir='ltr'><strong>inscribantur,</strong></span> <span class='ocrx_word' id='word_1_157' title='bbox 680 2797 721 2861; x_wconf 89' lang='lat' dir='ltr'><strong>ad</strong></span> <span class='ocrx_word' id='word_1_158' title='bbox 742 2798 960 2862; x_wconf 90' lang='lat' dir='ltr'><strong>seminarium</strong></span> <span class='ocrx_word' id='word_1_159' title='bbox 985 2797 1177 2861; x_wconf 89' lang='lat' dir='ltr'><strong>Parisiense</strong></span> <span class='ocrx_word' id='word_1_160' title='bbox 1197 2819 1215 2860; x_wconf 92' lang='lat' dir='ltr'><strong>a</strong></span> <span class='ocrx_word' id='word_1_161' title='bbox 1236 2796 1305 2859; x_wconf 91' lang='lat' dir='ltr'><strong>suis</strong></span> 
     </span>
     <span class='ocr_line' id='line_1_22' title="bbox 179 2909 1306 2999; baseline -0.004 -24"><span class='ocrx_word' id='word_1_162' title='bbox 179 2911 420 2999; x_wconf 65' lang='lat' dir='ltr'><strong>superioribus</strong></span> <span class='ocrx_word' id='word_1_163' title='bbox 443 2912 632 2977; x_wconf 92' lang='lat' dir='ltr'><strong>studiorum</strong></span> <span class='ocrx_word' id='word_1_164' title='bbox 648 2935 761 2994; x_wconf 87' lang='lat' dir='ltr'><strong>causa,</strong></span> <span class='ocrx_word' id='word_1_165' title='bbox 780 2912 969 2991; x_wconf 90' lang='lat' dir='ltr'><strong>mittantur,</strong></span> <span class='ocrx_word' id='word_1_166' title='bbox 991 2909 1104 2999; x_wconf 89' lang='lat' dir='ltr'><strong>ibique</strong></span> <span class='ocrx_word' id='word_1_167' title='bbox 1124 2932 1183 2997; x_wconf 93' lang='lat' dir='ltr'><strong>per</strong></span> <span class='ocrx_word' id='word_1_168' title='bbox 1202 2931 1306 2973; x_wconf 92' lang='lat' dir='ltr'><strong>unum</strong></span> 
     </span>
     <span class='ocr_line' id='line_1_23' title="bbox 180 3024 1306 3112; baseline -0.004 -22"><span class='ocrx_word' id='word_1_169' title='bbox 180 3034 239 3090; x_wconf 89' lang='lat' dir='ltr'><strong>aut</strong></span> <span class='ocrx_word' id='word_1_170' title='bbox 258 3025 374 3112; x_wconf 90' lang='lat' dir='ltr'><strong>plures</strong></span> <span class='ocrx_word' id='word_1_171' title='bbox 394 3049 501 3090; x_wconf 91' lang='lat' dir='ltr'><strong>annos</strong></span> <span class='ocrx_word' id='word_1_172' title='bbox 521 3033 785 3106; x_wconf 89' lang='lat' dir='ltr'><strong>commorentur,</strong></span> <span class='ocrx_word' id='word_1_173' title='bbox 808 3026 914 3090; x_wconf 88' lang='lat' dir='ltr'><strong>vitam</strong></span> <span class='ocrx_word' id='word_1_174' title='bbox 934 3025 1159 3090; x_wconf 84' lang='lat' dir='ltr'><strong>communiter</strong></span> <span class='ocrx_word' id='word_1_175' title='bbox 1183 3024 1306 3087; x_wconf 89' lang='lat' dir='ltr'><strong>ducen—</strong></span> 
     </span>
     <span class='ocr_line' id='line_1_24' title="bbox 180 3135 1306 3227; baseline -0.001 -24"><span class='ocrx_word' id='word_1_176' title='bbox 180 3147 232 3203; x_wconf 93' lang='lat' dir='ltr'><strong>tes</strong></span> <span class='ocrx_word' id='word_1_177' title='bbox 263 3163 341 3205; x_wconf 92' lang='lat' dir='ltr'><strong>cum</strong></span> <span class='ocrx_word' id='word_1_178' title='bbox 371 3140 491 3205; x_wconf 85' lang='lat' dir='ltr'><strong>ceteris</strong></span> <span class='ocrx_word' id='word_1_179' title='bbox 525 3139 678 3227; x_wconf 89' lang='lat' dir='ltr'><strong>ejusdem</strong></span> <span class='ocrx_word' id='word_1_180' title='bbox 711 3139 882 3204; x_wconf 90' lang='lat' dir='ltr'><strong>seminarii</strong></span> <span class='ocrx_word' id='word_1_181' title='bbox 917 3139 1076 3204; x_wconf 91' lang='lat' dir='ltr'><strong>alumnis.</strong></span> <span class='ocrx_word' id='word_1_182' title='bbox 1113 3135 1306 3224; x_wconf 82' lang='lat' dir='ltr'><strong>Adjiciebat</strong></span> 
     </span>
     <span class='ocr_line' id='line_1_25' title="bbox 181 3252 1306 3341; baseline -0.004 -24"><span class='ocrx_word' id='word_1_183' title='bbox 181 3261 296 3317; x_wconf 87' lang='lat' dir='ltr'><strong>autem</strong></span> <span class='ocrx_word' id='word_1_184' title='bbox 316 3253 497 3341; x_wconf 65' lang='lat' dir='ltr'><strong>quaesitum</strong></span> <span class='ocrx_word' id='word_1_185' title='bbox 518 3253 640 3318; x_wconf 84' lang='lat' dir='ltr'><strong>exinde</strong></span> <span class='ocrx_word' id='word_1_186' title='bbox 661 3277 735 3318; x_wconf 88' lang='lat' dir='ltr'><strong>esse</strong></span> <span class='ocrx_word' id='word_1_187' title='bbox 756 3253 797 3317; x_wconf 91' lang='lat' dir='ltr'><strong>ad</strong></span> <span class='ocrx_word' id='word_1_188' title='bbox 817 3275 1000 3340; x_wconf 87' lang='lat' dir='ltr'><strong>quemnam</strong></span> <span class='ocrx_word' id='word_1_189' title='bbox 1020 3252 1228 3340; x_wconf 87' lang='lat' dir='ltr'><strong>episcopum,</strong></span> <span class='ocrx_word' id='word_1_190' title='bbox 1246 3274 1306 3338; x_wconf 94' lang='lat' dir='ltr'><strong>pro</strong></span> 
     </span>
     <span class='ocr_line' id='line_1_26' title="bbox 182 3365 1306 3454; baseline -0.003 -23"><span class='ocrx_word' id='word_1_191' title='bbox 182 3367 393 3432; x_wconf 91' lang='lat' dir='ltr'><strong>ordinatione</strong></span> <span class='ocrx_word' id='word_1_192' title='bbox 418 3367 612 3454; x_wconf 90' lang='lat' dir='ltr'><strong>hujusmodi</strong></span> <span class='ocrx_word' id='word_1_193' title='bbox 633 3367 815 3446; x_wconf 88' lang='lat' dir='ltr'><strong>sodalium,</strong></span> <span class='ocrx_word' id='word_1_194' title='bbox 839 3365 1019 3453; x_wconf 81' lang='lat' dir='ltr'><strong>respectivi</strong></span> <span class='ocrx_word' id='word_1_195' title='bbox 1039 3367 1228 3452; x_wconf 87' lang='lat' dir='ltr'><strong>superiores</strong></span> <span class='ocrx_word' id='word_1_196' title='bbox 1247 3387 1306 3451; x_wconf 82' lang='lat' dir='ltr'><strong>ge-</strong></span> 
     </span>
     <span class='ocr_line' id='line_1_27' title="bbox 183 3479 1306 3566; baseline -0.003 -21"><span class='ocrx_word' id='word_1_197' title='bbox 183 3481 316 3546; x_wconf 90' lang='lat' dir='ltr'><strong>nerales</strong></span> <span class='ocrx_word' id='word_1_198' title='bbox 340 3481 475 3547; x_wconf 88' lang='lat' dir='ltr'><strong>mittere</strong></span> <span class='ocrx_word' id='word_1_199' title='bbox 495 3489 675 3546; x_wconf 85' lang='lat' dir='ltr'><strong>teneantur</strong></span> <span class='ocrx_word' id='word_1_200' title='bbox 697 3481 829 3546; x_wconf 89' lang='lat' dir='ltr'><strong>litteras</strong></span> <span class='ocrx_word' id='word_1_201' title='bbox 849 3479 1108 3558; x_wconf 91' lang='lat' dir='ltr'><strong>dimissoriales,</strong></span> <span class='ocrx_word' id='word_1_202' title='bbox 1131 3501 1306 3566; x_wconf 86' lang='lat' dir='ltr'><strong>magnam-</strong></span> 
     </span>
     <span class='ocr_line' id='line_1_28' title="bbox 183 3593 1306 3682; baseline -0.002 -24"><span class='ocrx_word' id='word_1_203' title='bbox 183 3617 249 3682; x_wconf 92' lang='lat' dir='ltr'><strong>que</strong></span> <span class='ocrx_word' id='word_1_204' title='bbox 268 3593 331 3659; x_wconf 90' lang='lat' dir='ltr'><strong>hac</strong></span> <span class='ocrx_word' id='word_1_205' title='bbox 351 3595 392 3660; x_wconf 93' lang='lat' dir='ltr'><strong>de</strong></span> <span class='ocrx_word' id='word_1_206' title='bbox 412 3618 448 3659; x_wconf 92' lang='lat' dir='ltr'><strong>re</strong></span> <span class='ocrx_word' id='word_1_207' title='bbox 475 3594 629 3658; x_wconf 88' lang='lat' dir='ltr'><strong>obortam</strong></span> <span class='ocrx_word' id='word_1_208' title='bbox 650 3617 724 3659; x_wconf 90' lang='lat' dir='ltr'><strong>esse</strong></span> <span class='ocrx_word' id='word_1_209' title='bbox 747 3595 1015 3674; x_wconf 90' lang='lat' dir='ltr'><strong>contentionem,</strong></span> <span class='ocrx_word' id='word_1_210' title='bbox 1040 3593 1115 3658; x_wconf 90' lang='lat' dir='ltr'><strong>aliis</strong></span> <span class='ocrx_word' id='word_1_211' title='bbox 1146 3593 1211 3658; x_wconf 89' lang='lat' dir='ltr'><strong>alia</strong></span> <span class='ocrx_word' id='word_1_212' title='bbox 1232 3615 1306 3657; x_wconf 91' lang='lat' dir='ltr'><strong>sen-</strong></span> 
     </span>
     <span class='ocr_line' id='line_1_29' title="bbox 182 3707 1307 3797; baseline -0.003 -25"><span class='ocrx_word' id='word_1_213' title='bbox 182 3707 365 3787; x_wconf 73' lang='lat' dir='ltr'><strong>tientibus,</strong></span> <span class='ocrx_word' id='word_1_214' title='bbox 400 3731 505 3797; x_wconf 88' lang='lat' dir='ltr'><strong>quare</strong></span> <span class='ocrx_word' id='word_1_215' title='bbox 543 3709 641 3773; x_wconf 87' lang='lat' dir='ltr'><strong>enixe</strong></span> <span class='ocrx_word' id='word_1_216' title='bbox 675 3707 870 3796; x_wconf 88' lang='lat' dir='ltr'><strong>postulabat</strong></span> <span class='ocrx_word' id='word_1_217' title='bbox 903 3715 941 3773; x_wconf 93' lang='lat' dir='ltr'><strong>ut</strong></span> <span class='ocrx_word' id='word_1_218' title='bbox 973 3708 1172 3780; x_wconf 67' lang='lat' dir='ltr'><strong>auctoritate</strong></span> <span class='ocrx_word' id='word_1_219' title='bbox 1206 3707 1307 3794; x_wconf 84' lang='lat' dir='ltr'><strong>hujus</strong></span> 
     </span>
     <span class='ocr_line' id='line_1_30' title="bbox 184 3820 1307 3910; baseline -0.004 -22"><span class='ocrx_word' id='word_1_220' title='bbox 184 3823 218 3888; x_wconf 91' lang='lat' dir='ltr'><strong>S.</strong></span> <span class='ocrx_word' id='word_1_221' title='bbox 248 3821 372 3910; x_wconf 83' lang='lat' dir='ltr'><strong>Congr.</strong></span> <span class='ocrx_word' id='word_1_222' title='bbox 404 3823 640 3887; x_wconf 88' lang='lat' dir='ltr'><strong>decerneretur</strong></span> <span class='ocrx_word' id='word_1_223' title='bbox 663 3822 746 3909; x_wconf 90' lang='lat' dir='ltr'><strong>quid</strong></span> <span class='ocrx_word' id='word_1_224' title='bbox 774 3822 808 3885; x_wconf 92' lang='lat' dir='ltr'><strong>in</strong></span> <span class='ocrx_word' id='word_1_225' title='bbox 837 3821 987 3909; x_wconf 74' lang='lat' dir='ltr'><strong>praelatis</strong></span> <span class='ocrx_word' id='word_1_226' title='bbox 1011 3820 1145 3885; x_wconf 90' lang='lat' dir='ltr'><strong>casibus</strong></span> <span class='ocrx_word' id='word_1_227' title='bbox 1171 3843 1307 3885; x_wconf 80' lang='lat' dir='ltr'><strong>serran-</strong></span> 
     </span>
     <span class='ocr_line' id='line_1_31' title="bbox 183 3937 337 4001; baseline 0.006 -1"><span class='ocrx_word' id='word_1_228' title='bbox 183 3937 265 4000; x_wconf 94' lang='lat' dir='ltr'><strong>dum</strong></span> <span class='ocrx_word' id='word_1_229' title='bbox 281 3937 337 4001; x_wconf 91' lang='lat' dir='ltr'><strong>sit.</strong></span> 
     </span>
    </p>

    <p class='ocr_par' dir='ltr' id='par_1_5' title="bbox 231 4047 1306 4134">
     <span class='ocr_line' id='line_1_32' title="bbox 231 4047 1306 4134; baseline 0.002 -26"><span class='ocrx_word' id='word_1_230' title='bbox 231 4079 246 4108; x_wconf 74' lang='lat' dir='ltr'><strong>a</strong></span> <span class='ocrx_word' id='word_1_231' title='bbox 275 4050 379 4114; x_wconf 93' lang='lat' dir='ltr'><strong>Porro</strong></span> <span class='ocrx_word' id='word_1_232' title='bbox 399 4049 617 4114; x_wconf 80' lang='lat' dir='ltr'><strong>manifestum</strong></span> <span class='ocrx_word' id='word_1_233' title='bbox 643 4057 695 4114; x_wconf 90' lang='lat' dir='ltr'><strong>est</strong></span> <span class='ocrx_word' id='word_1_234' title='bbox 714 4057 784 4112; x_wconf 90' lang='lat' dir='ltr'><strong>tam</strong></span> <span class='ocrx_word' id='word_1_235' title='bbox 810 4047 921 4134; x_wconf 75' lang='lat' dir='ltr'><strong>legem</strong></span> <span class='ocrx_word' id='word_1_236' title='bbox 948 4055 1097 4112; x_wconf 77' lang='lat' dir='ltr'><strong>veterem</strong></span> <span class='ocrx_word' id='word_1_237' title='bbox 1115 4070 1176 4134; x_wconf 91' lang='lat' dir='ltr'><strong>pro</strong></span> <span class='ocrx_word' id='word_1_238' title='bbox 1196 4047 1306 4132; x_wconf 83' lang='lat' dir='ltr'><strong>Regu-</strong></span> 
     </span>
    </p>
   </div>
   <div class='ocr_carea' id='block_1_5' title="bbox 217 4290 1164 4438">
    <p class='ocr_par' dir='ltr' id='par_1_6' title="bbox 217 4290 1164 4438">
     <span class='ocr_line' id='line_1_33' title="bbox 217 4290 1063 4353; baseline -0.006 -13"><span class='ocrx_word' id='word_1_239' title='bbox 217 4293 224 4324; x_wconf 92' lang='lat'>¹</span> <span class='ocrx_word' id='word_1_240' title='bbox 245 4291 303 4340; x_wconf 88' lang='lat' dir='ltr'><strong>Hoc</strong></span> <span class='ocrx_word' id='word_1_241' title='bbox 318 4292 458 4340; x_wconf 85' lang='lat' dir='ltr'><strong>decretum</strong></span> <span class='ocrx_word' id='word_1_242' title='bbox 472 4305 504 4338; x_wconf 85' lang='lat' dir='ltr'><strong>cx</strong></span> <span class='ocrx_word' id='word_1_243' title='bbox 518 4291 676 4340; x_wconf 83' lang='lat' dir='ltr'><strong>authentico</strong></span> <span class='ocrx_word' id='word_1_244' title='bbox 691 4290 837 4353; x_wconf 78' lang='lat' dir='ltr'><strong>escrnplari</strong></span> <span class='ocrx_word' id='word_1_245' title='bbox 854 4292 909 4352; x_wconf 85' lang='lat' dir='ltr'><strong>ipsc</strong></span> <span class='ocrx_word' id='word_1_246' title='bbox 925 4291 1063 4352; x_wconf 86' lang='lat' dir='ltr'><strong>exscripsi.</strong></span> 
     </span>
     <span class='ocr_line' id='line_1_34' title="bbox 292 4386 1164 4438; baseline -0.001 -2"><span class='ocrx_word' id='word_1_247' title='bbox 292 4405 373 4438; x_wconf 68' lang='lat' dir='ltr'><strong>sacas</strong></span> <span class='ocrx_word' id='word_1_248' title='bbox 388 4403 505 4437; x_wconf 75' lang='lat' dir='ltr'><strong>onomar.</strong></span> <span class='ocrx_word' id='word_1_249' title='bbox 1131 4386 1164 4438; x_wconf 79' lang='lat'><strong>27</strong></span> 
     </span>
    </p>
   </div>
   <div class='ocr_carea' id='block_1_6' title="bbox 0 0 1663 5054">
    <p class='ocr_par' dir='ltr' id='par_1_7' title="bbox 0 0 1663 5054">
     <span class='ocr_line' id='line_1_35' title="bbox 0 0 1663 5054; baseline 0 0"><span class='ocrx_word' id='word_1_250' title='bbox 0 0 1663 5054; x_wconf 95' lang='lat' dir='ltr'><strong> </strong></span> 
     </span>
    </p>
   </div>
  </div>
 </body>
</html>
