3270 5050
329 503 364 557 54
596 505 640 555 DE
659 503 798 554 LEGIBUS
817 501 931 553 SACRAE
950 500 1186 552 onntutuonls

328 647 527 736 presbytero
547 647 637 713 etde
652 647 790 712 licentia
805 645 987 726 Ordinarii,
1003 643 1114 709 funeri
1128 643 1279 710 defuncti
1292 667 1451 732 preaesse,

329 763 430 828 modo
457 763 515 850 qui
540 768 678 828 notatur
703 761 739 825 in
765 760 923 848 sequenti
949 759 1119 826 decisione
1143 758 1178 824 S.
1205 759 1274 824 Rit.
1303 757 1451 846 Congr.;

327 899 406 942 curn
426 877 533 958 enim,
560 877 594 940 in
618 876 677 943 cit.
701 897 802 940 causa
823 875 967 939 Tonkini
991 874 1220 958 occidentalis,
1241 872 1284 938 ab
1304 896 1343 938 33
1361 897 1452 962 quee-

327 997 481 1057 reretur:
506 988 691 1055 «Dubium
711 987 754 1054 ΙΙ.
773 989 809 1054 Si
827 988 918 1053 idem
937 989 1116 1066 diaconus,
1137 1011 1181 1052 ex
1200 987 1273 1076 pari
1291 987 1452 1054 mandato

282 1106 285 1114 ’
326 1105 463 1193 (vicarii
485 1103 695 1194 apostolici),
722 1125 864 1192 precans
883 1125 945 1190 pro
969 1101 1148 1183 defuncto,
1174 1101 1265 1168 dicat
1285 1103 1454 1189 Vesperas

327 1225 386 1284 aut
405 1218 540 1284 Laudes
564 1217 621 1284 vel
640 1240 759 1306 preces
778 1217 1021 1306 'exsequiorum
1044 1217 1080 1281 in
1100 1216 1247 1298 Rituali,
1272 1214 1452 1282 debebitne

327 1355 385 1398 eus
405 1335 563 1398 cantaret
583 1330 772 1396 Debebitne
791 1331 904 1418 legere
924 1331 1002 1395 Non
1023 1331 1140 1414 intres,
1157 1338 1295 1396 cantare
1309 1331 1450 1413 Libero,

326 1453 378 1528 et,
400 1446 601 1511 circumiens
624 1443 802 1526 feretrum,
824 1444 993 1533 poteritne
1017 1467 1140 1534 eorpus
1163 1467 1341 1533 aspergere
1365 1467 1452 1532 eque

327 1560 505 1625 benedicte
525 1566 559 1624 et
578 1559 765 1641 incensore,
783 1581 822 1624 oc
841 1557 1040 1624 benedicere
1060 1559 1270 1648 sepulcrum,
1289 1565 1323 1624 et
1342 1557 1452 1623 dicere

327 1674 412 1740 alies
435 1695 569 1761 preces,
592 1672 746 1759 exceptis
769 1672 995 1760 excipiendis,
1012 1671 1113 1758 juxta
1137 1671 1291 1752 Rituele;
1313 1693 1452 1757 praeser-

326 1789 389 1852 tim
409 1788 438 1852 si
457 1787 559 1853 faciat
582 1787 642 1852 hus
667 1787 828 1874 privatim
851 1786 886 1850 in
906 1784 1063 1850 domibus
1086 1785 1252 1874 privatis?
1273 1812 1289 1847 >a
1311 1808 1451 1873 respon-

327 1901 394 1982 dit,
422 1903 462 1965 11
489 1925 567 1988 ang.
596 1901 708 1968 1858:
736 1900 831 1965 «Ad
857 1899 906 1982 II,
935 1907 974 1965 ut
999 1899 1042 1964 ad
1067 1900 1234 1986 primum;
1259 1927 1275 1962 »
1302 1920 1449 1986 nempe:

328 2041 344 2076 (ι
369 2015 548 2098 Deficiente
569 2016 789 2102 presbytero,
819 2023 852 2079 et
882 2015 999 2079 vicarii
1029 2010 1204 2099 apostotici
1232 2023 1452 2078 concurrente

329 2129 477 2212 licentia,
500 2131 708 2214 affirmative
732 2131 767 2194 in
791 2129 979 2194 omnibus¹.
1001 2155 1017 2189 »
1037 2128 1177 2193 —Non
1199 2134 1314 2215 potest
1337 2135 1452 2192 tamen

328 2241 437 2306 funeri
464 2264 611 2328 proeesse
639 2243 802 2308 diaconus
830 2265 907 2308 cum
931 2243 1093 2328 pluviali,
1120 2243 1220 2330 juxta
1246 2241 1452 2307 decisionem

327 2355 482 2442 ejusdem
497 2355 640 2444 Congu,
658 2357 693 2420 in
712 2357 1016 2443 Anpetopotitane,
1035 2355 1072 2420 11
1096 2361 1183 2444 sept.
1202 2355 1301 2438 1817,
1319 2356 1361 2420 ad
1376 2356 1449 2421 10¹.

372 2472 404 2537 5.
436 2469 556 2548 Quoad
586 2472 846 2555 benedictiones,
879 2471 1082 2559 principium
1113 2477 1183 2552 est,
1213 2470 1452 2558 antiquissimo

327 2608 408 2667 usu,
434 2593 471 2649 ut
492 2586 563 2673 jem
587 2584 717 2650 dictum
741 2591 809 2667 est,
835 2583 1029 2666 inductum,
1055 2583 1236 2648 diaconum
1259 2607 1328 2649 non
1351 2607 1453 2672 posse

264 2701 265 2704 ’
327 2699 525 2763 benedicere
548 2698 635 2787 (nisi
662 2699 854 2785 specialiter
878 2705 911 2762 et
935 2721 1094 2787 expresse
1117 2697 1150 2762 ei
1171 2697 1389 2778 concedatur,
1414 2705 1453 2762 ut

327 2813 363 2876 in
383 2811 587 2900 quibusdam
606 2813 724 2877 statim
743 2813 860 2877 relatis
880 2811 1049 2901 casibus);
1072 2812 1121 2877 sie
1139 2834 1208 2876 non
1223 2818 1338 2898 potest
1352 2811 1452 2876 bene-

327 2925 439 2990 dicere
463 2925 513 2991 sal
537 2933 571 2991 et
593 2949 733 3014 aquam,
755 2927 858 2992 etiam
882 2950 959 2998 curn
983 2925 1147 3013 baptizat,
1168 2931 1208 2990 ut
1231 2926 1360 2991 dictum
1379 2933 1450 3006 est;

328 3079 371 3088 -
391 3063 459 3104 non
477 3045 591 3128 potest
609 3039 809 3106 benedicere
827 3041 993 3129 populum
1012 3063 1090 3104 eum
1109 3039 1324 3105 sanctissimo
1343 3061 1452 3104 secra-

329 3160 462 3237 mento,
490 3161 529 3219 ut
554 3155 732 3242 respondit
758 3153 793 3220 S.
820 3155 890 3220 Rit.
917 3153 1058 3240 Congu,
1085 3153 1120 3218 in
1146 3153 1204 3220 cit.
1230 3153 1453 3239 Anpetopoti-

330 3277 425 3351 1333,
452 3268 495 3332 ad
521 3267 559 3348 9;
585 3307 631 3318 -
655 3291 724 3333 non
749 3275 865 3356 potest
883 3267 1082 3332 benedicere
1109 3268 1228 3332 domos
1251 3268 1287 3332 in
1312 3265 1453 3333 sabbato

330 3389 459 3464 sancto,
491 3384 593 3447 etiam
622 3383 663 3448 de
694 3383 831 3447 licentia
860 3381 1016 3471 parochi,
1046 3388 1085 3446 ut
1115 3381 1291 3469 respondit
1316 3381 1351 3448 S.
1381 3382 1450 3447 Rit.

331 3495 471 3584 Congu,
493 3497 528 3562 in
547 3496 769 3582 8131313333,
791 3497 811 3564 8
831 3520 908 3584 aug.
933 3495 1017 3563 1835
1029 3497 1050 3563 ³.
1278 3487 1282 3494 ’

377 3723 442 3792 16.
464 3763 507 3770 —
526 3725 559 3790 7⁰
579 3723 627 3788 De
641 3726 864 3810 presbyteris.
940 3723 945 3740 '

376 3839 420 3902 A.
451 3837 532 3902 Haec
561 3845 658 3903 erunt
683 3839 766 3904 olim
792 3862 909 3904 eorum
936 3838 1071 3905 officia:
1100 3843 1132 3904 1.
1160 3839 1307 3925 Offerre,
1334 3861 1456 3926 nempe

332 3974 459 4017 sacrem
481 3952 722 4019 eucharistiam
742 3975 958 4033 conseerare;
980 3953 1047 4018 imo
1069 3953 1132 4019 hoc
1151 3954 1361 4043 praeeipuum
1386 3961 1458 4019 erat

363 4146 372 4180 ¹
390 4145 502 4196 Decreta
517 4147 603 4206 auth„
619 4162 645 4196 n.
661 4152 735 4206 3071,
751 4151 771 4196 t.
788 4164 819 4208 n,
833 4164 859 4212 p.
876 4153 929 4196 111.

363 4226 374 4259 ¹
391 4223 470 4282 Ibin,
485 4240 511 4273 n.
528 4230 601 4284 2951,
615 4227 635 4274 t.
652 4241 682 4284 n,
699 4241 725 4288 p.
739 4231 794 4273 352.

363 4303 374 4336 ²
391 4300 470 4358 Ibin„
488 4318 514 4350 n.
530 4307 603 4362 2729,
620 4307 639 4351 t.
656 4319 687 4363 n,
704 4319 730 4366 p.
745 4309 797 4351 259.
