3290 5060
349 495 401 548 130
616 495 660 544 DE
680 494 817 545 LEGIBUS
837 493 950 544 Stenas
970 495 1206 546 ORDlNllTIONlS

348 639 506 704 dictionis
525 637 681 726 specialis
701 636 879 702 abbatialis
894 638 1148 703 demonstratur
1163 661 1205 703 ex
1221 639 1277 704 cit.
1293 663 1367 726 cap.
1386 641 1473 704 Cum

347 756 540 838 continqat:
557 779 573 812 o
597 753 779 816 dummodo
795 752 878 838 ipsis
898 751 1123 841 abepiscopo,
1139 755 1324 818 secundum
1345 777 1473 818 morem

343 868 640 960 praeficiendorum
670 867 852 949 abbatum,
885 889 1006 930 manus
1038 869 1206 952 impositio
1236 873 1328 953 sacta
1360 891 1473 932 nosca-

347 992 406 1047 tur
413 1001 427 1066 ,·
447 1010 463 1042 »
483 980 563 1046 licet
582 981 672 1044 enim
688 979 802 1044 forsan
816 979 888 1044 haec
903 980 1009 1046 latina
1028 981 1206 1046 translatio
1222 987 1337 1046 textus
1356 982 1470 1068 graui,

345 1120 387 1160 ex
407 1096 570 1160 Gratiano
590 1095 800 1181 desumpta¹,
822 1117 889 1157 non
911 1094 956 1158 sit
975 1103 1144 1176 accurata,
1167 1096 1342 1160 constituit
1356 1104 1471 1160 tamen

340 1211 397 1297 jus
425 1229 623 1288 commune;
657 1199 1065 1296 demonstratur'pariter
1092 1233 1166 1298 cap.
1195 1211 1402 1294 Statuimus,
1434 1210 1468 1286 1,

345 1325 394 1387 Da
419 1343 600 1389 surranum
625 1342 833 1386 3331133313
858 1343 1091 1404 1331113333,
1118 1324 1153 1386 13
1180 1347 1263 1412 qno,
1290 1331 1328 1388 ut
1354 1324 1470 1389 statim

343 1437 485 1517 dicetur,
502 1435 683 1523 apponitur
697 1434 765 1520 legi
781 1436 948 1523 exceptio,
967 1459 1042 1523 quer
1057 1437 1198 1524 proinde
1214 1437 1325 1502 firmat
1340 1437 1467 1523 legem,

341 1589 384 1598 —
418 1551 449 1616 3.
486 1549 727 1630 Confirmatur,
763 1557 933 1636 quatenus
971 1573 1056 1637 opus
1094 1551 1156 1633 sit,
1190 1553 1469 1637 jurisprudentia

340 1664 377 1729 S.
397 1665 524 1749 Conpr.
544 1663 701 1746 Consilii,
719 1685 794 1750 quae
813 1663 940 1750 pluries
960 1665 995 1728 in
1015 1665 1134 1730 eodem
1154 1688 1257 1731 sensu
1276 1665 1465 1753 respondit,

340 1803 374 1844 v.
404 1801 449 1864 g.,
477 1778 512 1841 in
542 1778 804 1860 Panormitano,
836 1778 876 1842 16
905 1779 1019 1843 martii
1049 1779 1147 1860 1611,
1177 1780 1211 1843 13
1240 1803 1306 1867 qua
1334 1779 1377 1844 ad
1405 1779 1468 1844 hoc

340 1893 545 1980 quaesitum:
570 1919 586 1950 «
609 1895 641 1956 1.
662 1891 719 1954 An
744 1890 849 1956 abbas
872 1893 1038 1978 regularis
1058 1915 1125 1958 non
1148 1895 1342 1958 benedictus
1360 1893 1468 1980 possit

340 2007 410 2070 suis
423 2005 569 2070 subditis
582 2003 796 2091 regularibus
809 2005 945 2071 ordines
958 2007 1106 2070 minores
1120 2007 1284 2090 conferre,
1300 2035 1315 2068 »
1331 2029 1468 2094 respon-

339 2120 411 2184 dit:
441 2147 456 2178 «
481 2119 534 2183 Ad
560 2120 724 2206 primum,
754 2119 912 2184 abbatem
939 2143 1006 2185 non
1031 2121 1262 2205 benedictum,
1290 2123 1320 2186 si
1346 2123 1469 2185 lrabeat

334 2233 555 2318 privitepium
573 2234 714 2319 speciale
733 2235 929 2319 conserendi
948 2235 1083 2300 ordines
1102 2236 1264 2318 minores,
1281 2257 1379 2320 posse
1397 2238 1467 2300 suis

337 2348 483 2412 subditis
503 2348 722 2434 repertoribus
741 2353 896 2434 conferre
904 2368 919 2431 ,·
936 2371 1041 2430 secus,
1059 2351 1088 2413 si
1108 2351 1143 2414 id
1161 2351 1191 2414 ei
1212 2371 1278 2413 non
1297 2351 1405 2435 suerit
1426 2373 1467 2413 ear

332 2462 515 2547 privilepio
535 2461 716 2547 apostolico
732 2465 956 2528 concessum2.
979 2463 1106 2528 »Unde
1122 2485 1191 2528 non
1207 2463 1367 2528 audiendi
1386 2471 1467 2529 sunt

336 2576 475 2664 quidam
506 2583 663 2640 tenentes
694 2575 853 2641 abbatem
886 2578 988 2640 etiam
1020 2599 1085 2641 non
1117 2578 1331 2643 benedictum
1364 2600 1465 2664 posse

336 2691 488 2754 conferre
508 2690 661 2770 ordines,
683 2713 717 2754 v.
740 2713 789 2777 g.,
812 2689 1014 2755 Emmanuel
1034 2691 1258 2774 Rodericus³,
1280 2691 1463 2756 Ferrarisl.

336 2843 378 2853 -
393 2803 511 2869 Abbas
531 2811 646 2870 autem
666 2804 753 2868 hanc
772 2803 1041 2869 benedictionem
1064 2804 1234 2892 suscipere
1249 2805 1351 2868 debet
1371 2806 1465 2890 infra

336 2942 465 2982 annum
485 2918 572 2982 adia
592 2919 761 2983 electionis
775 2920 1056 3004 computandum,
1078 2925 1117 2982 ut
1137 2918 1345 3006 praescripsit
1360 2919 1466 2983 Bene-

336 3032 447 3096 dictus
467 3031 547 3095 Xlll
573 3032 608 3096 in
632 3031 725 3096 bulla
751 3032 946 3115 Commissi,
973 3031 1081 3118 pridie
1105 3055 1213 3096 nonas
1236 3031 1317 3096 maii
1343 3033 1463 3099 17251.

382 3146 420 3210 B.
440 3145 545 3210 Casus
560 3147 704 3230 excepti,
722 3146 756 3209 in
773 3145 897 3234 quibus
916 3145 1046 3209 scilicet
1065 3167 1133 3210 non
1154 3145 1345 3233 requiratur
1364 3145 1466 3210 bene-¹

338 3259 464 3324 dictio:

382 3372 412 3436 1.
436 3372 502 3436 Ρ31
524 3379 635 3437 totum
660 3372 750 3437 hunc
776 3395 920 3454 annum,
947 3373 1006 3460 qui
1030 3398 1049 3438 a
1074 3373 1257 3438 Benedicta
1277 3373 1357 3438 Xlll
1382 3396 1464 3438 con-

337 3486 468 3551 ceditur
498 3485 678 3551 abbatibus
709 3486 751 3552 ad
782 3487 1011 3574 recipiendam
1039 3486 1326 3568 benedictionem,
1358 3486 1464 3552 abbas

336 3605 461 3686 potest,
480 3599 581 3664 etiam
600 3607 679 3664 ante
699 3607 869 3688 receptam
889 3599 1172 3682 benedictionem,
1190 3601 1302 3665 omnia
1322 3623 1463 3666 munera

370 3835 377 3868 ¹
396 3835 447 3882 Cit.
464 3849 523 3882 can.
541 3833 686 3892 Quoniam,
703 3840 730 3893 1,
747 3835 811 3883 dist.
830 3835 924 3883 Lxlx.

368 3913 379 3945 ²
395 3912 477 3975 Apud
490 3912 583 3971 Petra,
600 3913 633 3961 In
647 3915 732 3961 const.
746 3913 782 3960 IX
796 3911 840 3961 Pii
854 3913 895 3970 11,
912 3929 937 3960 n.
951 3916 994 3972 31,
1011 3913 1035 3958 V
1038 3913 1146 3972 cnetiis,
1164 3917 1238 3971 1711,
1256 3917 1274 3961 1.
1289 3928 1314 3973 v,
1331 3929 1358 3975 p.
1374 3919 1431 3962 165.

368 3991 379 4025 ³
396 3991 508 4053 Egregie
521 3991 679 4039 contutatus
695 3991 729 4039 ab
746 3991 857 4050 llallicr,
874 3991 924 4041 loc.
938 3991 994 4048 cit,
1011 3995 1061 4040 art.
1079 3998 1106 4052 2,
1122 4008 1148 4039 n.
1165 3995 1193 4039 11
1209 4007 1259 4054 sq.,
1276 4007 1301 4054 p.
1317 3997 1372 4038 909.

367 4071 378 4103 ⁴
393 4068 576 4126 Bibliotheca,
594 4079 623 4115 νο
640 4069 725 4125 Ordo,
742 4073 793 4118 art.
809 4075 839 4128 3,
855 4085 881 4118 n.
899 4077 921 4118 2.

368 4150 379 4182 ⁵
396 4147 469 4196 Butl.
487 4147 571 4206 Hom,
587 4151 606 4196 1.
623 4163 671 4206 xu,
688 4163 714 4209 p.
730 4163 816 4196 cxxix.
833 4147 968 4211 lnrprcssa
983 4153 1025 4198 est
1040 4150 1121 4198 ctiam
1136 4149 1195 4197 haec
1214 4149 1288 4196 bulla
1306 4149 1341 4196 ad
1358 4149 1461 4198 calcem

336 4226 443 4274 concilii
459 4226 718 4286 romani,an.1725,
734 4227 760 4275 in
776 4226 945 4290 Appendice,
962 4243 989 4276 n.
1005 4233 1033 4286 1,
1050 4227 1196 4285 Bruxellis‚
1216 4231 1289 4284 1716,
1305 4227 1462 4291 Appendir,

336 4320 362 4366 p.
379 4308 433 4352 118.
