3300 5056
501 523 546 576 DE
564 523 724 576 sumsero
743 523 979 576 ORDINATIONIS
1246 523 1297 578 au

176 666 403 734 ministerium
423 666 496 756 ejus
514 666 600 732 utile
618 667 678 732 fiat
692 673 727 733 et
744 666 958 749 honorabile;
976 707 1020 718 -
1034 667 1179 734 idoneus
1193 675 1247 736 est
1260 693 1301 734 cx

172 791 272 869 parte
288 781 488 864 intellectus,
505 780 565 870 qui
578 779 715 846 dotibus
729 779 798 846 illis
811 780 930 868 pollet,
945 805 1021 870 quae
1032 781 1252 872 requiruntur
1262 789 1303 848 nt

175 897 294 962 docere
311 901 347 960 et
366 917 482 980 repere
499 894 621 983 possit,
638 917 761 984 nempe
779 894 923 960 scientia
940 897 1160 984 competenti,
1173 896 1303 984 judicio

176 1009 350 1100 prudenti,
370 1015 464 1076 recto
484 1015 519 1076 et
537 1030 638 1088 sano;
655 1047 700 1060 --
713 1009 856 1075 idoneus
875 1015 928 1074 est
946 1031 988 1074 aa
1001 1017 1102 1096 parte
1120 1013 1305 1078 voluntatis

178 1133 211 1190 et
235 1145 388 1208 morum,
411 1123 486 1211 qui,
508 1122 602 1190 vitiis
625 1122 710 1206 illis,
737 1145 813 1211 quse
836 1130 964 1188 statum
987 1123 1178 1190 clericalem
1202 1124 1306 1192 dede·

179 1245 295 1322 ceant,
321 1235 529 1304 sufficienter
551 1237 747 1326 extirpatis,
773 1237 857 1302 adeo
880 1237 916 1302 in
939 1238 1123 1304 virtutibus
1145 1239 1304 1327 profecit,

179 1359 235 1434 ut,
252 1351 382 1440 judicio
402 1349 566 1438 sapientis
589 1349 786 1416 confessarii
809 1351 966 1434 edoctus,
989 1375 1125 1441 sperare
1143 1354 1253 1441 possit
1272 1377 1308 1420 se

181 1467 335 1532 futurum
367 1488 442 1532 esse
474 1463 603 1530 bonum
634 1464 795 1530 Ecclesiae
823 1464 1018 1530 ministrum
1051 1473 1086 1532 et
1118 1468 1309 1555 operarium

181 1578 476 1660 inconfusibilem;
498 1579 587 1646 inter
606 1601 690 1666 quas
708 1578 854 1645 virtutes
877 1579 1045 1668 praecipue
1065 1581 1192 1646 eminet
1211 1581 1311 1648 casti-

183 1705 255 1777 tas„
286 1693 475 1783 praesertim
503 1693 540 1758 in
570 1691 723 1758 Ecclesia
755 1691 881 1776 latina3
902 1731 947 1744 -
970 1693 1002 1760 2.
1034 1693 1115 1760 Haec
1149 1695 1312 1761 idoneitas

183 1809 369 1899 requiritur
387 1814 427 1874 ut
441 1807 518 1896 quis
537 1806 698 1896 amplecti
711 1807 822 1895 possit
839 1813 968 1874 statum
987 1808 1178 1875 clericalem
1197 1831 1203 1876 :
1221 1809 1313 1898 quod

184 1949 245 2015 per
265 1947 302 1990 se
321 1929 434 2012 patet;
458 1959 504 1971 -
525 1921 557 1989 3.
582 1921 663 1987 Haec
687 1919 855 1988 idoneitas
876 1928 930 1988 est
950 1923 1053 1988 etiam
1074 1945 1155 1990 vere
1176 1924 1313 2012 signum

188 2039 387 2130 positivum,
402 2037 482 2104 licet
495 2059 556 2126 per
570 2059 607 2102 se
622 2035 844 2118 insufficiens,
859 2036 983 2101 divinoe
997 2037 1202 2121 vocationis;
1219 2061 1312 2122 nam,

186 2161 228 2221 ut
247 2153 296 2219 ait
314 2151 469 2218 Habert:
492 2179 508 2212 a
527 2150 623 2217 Sicut
646 2173 689 2218 ex
707 2149 974 2239 configuratione
992 2152 1084 2218 vasis
1107 2158 1199 2219 certo
1218 2153 1317 2220 colli·

187 2270 280 2358 gitur
303 2267 346 2332 ad
370 2289 472 2356 quem
497 2289 598 2332 usum
624 2264 747 2332 artilex
772 2265 859 2330 illud
884 2265 1036 2348 tinxerit,
1062 2267 1110 2332 ita
1133 2267 1317 2356 prudenter

187 2382 380 2471 conjectare
405 2381 502 2462 licet,
532 2401 611 2446 eum
635 2403 656 2446 a
683 2379 755 2446 Deo
781 2379 886 2446 fuisse
911 2380 1058 2446 electum
1083 2388 1119 2447 et
1143 2373 1339 2448 conditum

189 2499 234 2565 ad
260 2521 356 2564 sacra
382 2495 588 2578 ministeria,
615 2517 718 2583 quem
744 2495 787 2558 iis
811 2494 975 2584 aptavit¹.
995 2521 1011 2557 »
1039 2495 1154 2578 Unde,
1183 2496 1318 2585 quando

190 2612 388 2702 episcopus,
410 2617 470 2676 aut
493 2608 566 2696 ejus
590 2609 654 2674 hac
677 2609 714 2674 in
737 2631 774 2674 re
796 2609 907 2674 vicem
931 2617 1105 2698 gerentes,
1126 2610 1245 2676 vident
1262 2611 1320 2700 ju-

191 2749 316 2794 venem
345 2727 393 2791 ita
422 2730 655 2812 comparatum
679 2745 755 2788 esse
778 2746 934 2812 corpore,
962 2730 1094 2807 mente,
1124 2725 1318 2806 voluntate,

193 2841 364 2924 moribus,
384 2847 424 2906 ut
447 2837 586 2904 omnino
610 2837 656 2902 sit
679 2843 778 2927 aptus
803 2838 847 2903 ad
865 2838 1053 2904 exercenda
1076 2838 1192 2904 munia
1211 2843 1321 2905 status

192 2955 378 3038 clericalis,
399 2952 691 3043 pradicationem,
713 2951 922 3018 auditionem
942 2951 1211 3036 confessionum,
1232 2953 1322 3019 cele-

192 3072 384 3139 brationem
402 3067 597 3134 divinorum
615 3065 818 3148 officiorum,
836 3089 951 3132 curam
970 3089 1157 3156 pauperum
1176 3073 1211 3134 et
1228 3067 1322 3132 intir-

193 3207 345 3266 morum,
371 3188 453 3265 etc,
479 3181 596 3248 statim
622 3179 809 3270 conjiciunt
833 3203 913 3247 eum
936 3181 1100 3247 divinitus
1126 3181 1171 3248 ad
1196 3187 1323 3250 statum

194 3297 389 3366 clericalem
415 3301 576 3362 vocatum
601 3317 688 3362 esse.
714 3295 759 3360 Et
784 3317 852 3383 quo
878 3293 986 3382 major
1009 3301 1063 3361 est
1086 3295 1258 3384 aptitudo,
1284 3317 1324 3361 eo

196 3415 300 3482 etiarn
319 3411 446 3478 certius
464 3409 603 3497 signum
621 3415 686 3476 est.

241 3527 279 3594 2⁰
302 3525 500 3593 Secundum
523 3525 679 3610 sipnum,
706 3545 830 3612 nempe
856 3524 1030 3590 inclinatio
1057 3523 1198 3612 (gallice
1222 3525 1323 3611 polit,

195 3641 318 3709 attrait
336 3661 423 3730 pour
440 3637 537 3705 l’etat
556 3637 842 3727 ecclesiastique).
864 3638 915 3703 De
935 3637 998 3704 hac
1016 3637 1236 3704 inclinatione
1254 3637 1326 3704 haec

197 3755 368 3824 dicenda:

243 3871 289 3938 A.
307 3867 390 3934 Haec
408 3867 585 3934 inclinatio
605 3865 673 3934 duo
692 3867 862 3934 elementa
880 3865 1144 3956 complectitur:
1165 3889 1274 3934 unum
1292 3867 1327 3934 in

198 3983 399 4066 intellectu,
432 3981 579 4049 alterum
610 3983 646 4048 in
678 3981 868 4048 voluntate.
904 3981 1004 4048 Prius
1036 3983 1244 4049 elementum
1275 3989 1329 4050 est

201 4121 327 4186 maqna
352 4097 559 4164 existimatio
583 4103 693 4163 statua
717 4095 897 4181 clericalis,
919 4103 952 4162 et
979 4097 1055 4184 ejus
1078 4097 1274 4184 officiorum
1296 4103 1329 4162 ct

233 4343 243 4378 ¹
260 4342 323 4394 Loc.
338 4339 397 4400 cit,
412 4353 440 4402 p.
455 4341 582 4390 rac-421.
