3294 5054
496 473 541 524 DE
558 472 786 523 onnlnarlonn
805 471 1022 522 nnonmnlun
1268 467 1321 520 399

195 618 269 696 tiis;
292 641 405 705 porro,
426 617 462 681 in
480 616 543 682 hac
570 615 645 703 lege
669 613 867 694 statuenda,
888 613 1039 701 loquitur
1059 615 1196 678 omnino
1218 637 1320 698 yene-

196 732 317 796 raliter
348 731 390 796 de
417 729 626 818 quibuslibet
658 727 871 808 ordinandis,
904 735 938 792 et
965 727 1105 814 proinde
1138 727 1241 792 etiam
1278 728 1320 792 de

195 845 435 932 Regularibus.
472 845 701 910 Confirmatur
733 842 904 907 decisione
933 841 967 906 S.
999 840 1124 928 Congr.
1158 841 1317 926 Concilii,

196 982 289 1046 quae,
317 959 352 1022 in
379 958 623 1040 Mediolanen,
650 979 705 1021 an.
729 955 832 1036 1573,
855 977 933 1020 cum
959 955 1106 1042 petitum
1127 963 1218 1020 esset
1237 977 1320 1020 num

196 1071 384 1158 Regulares
411 1071 550 1159 praefato
581 1071 717 1135 decreto
745 1068 1125 1156 comprehenderentur,
1146 1069 1322 1156 respondit

198 1212 214 1245 ι(
237 1185 479 1273 comprehendi
499 1212 516 1245 n
530 1188 553 1250 ¹.
1035 1257 1039 1267 Ι

242 1299 276 1363 2ο
294 1299 357 1364 Ius
375 1299 593 1386 dispensandi
612 1299 800 1384 Regulares
819 1297 930 1386 quoad
950 1297 1132 1362 interstitia
1152 1320 1218 1361 non
1240 1321 1322 1383 per·

198 1415 282 1478 tinet
301 1415 345 1478 ad
363 1413 554 1498 superiores
579 1413 770 1498 repuleras,
791 1413 874 1476 hene
894 1433 971 1475 vero
990 1413 1034 1474 ad
1053 1412 1257 1496 episcopum.
1279 1451 1323 1460 —

199 1527 367 1612 Constat:
395 1530 426 1593 1.
455 1527 604 1591 Concilio
635 1527 744 1609 Trid.,
771 1524 938 1613 capitibus
967 1525 1098 1606 relatis,
1125 1525 1162 1589 in
1185 1525 1320 1612 quibuS,

198 1665 302 1729 agens
322 1641 365 1706 de
384 1640 640 1728 dispensatione
659 1639 702 1706 ab
716 1639 923 1721 interstitiis,
940 1639 999 1727 jus
1019 1639 1239 1726 dispensandi
1259 1641 1324 1704 soli

198 1756 357 1844 episcopo
393 1755 672 1820 constantissime
700 1753 838 1830 tribuit:
875 1776 938 1818 nec
975 1753 1107 1818 dicatur
1143 1752 1323 1841 praelatum

198 1869 389 1958 regularem
415 1891 491 1934 esse
513 1891 594 1934 vere
612 1869 836 1934 Ordinarium
855 1868 968 1956 quoad
991 1867 1148 1934 subditos
1171 1891 1268 1950 suos,
1290 1877 1325 1933 et

199 1983 338 2072 quidem
369 1981 412 2048 ab
440 1982 592 2070 episcopi
613 1982 852 2070 jurisdictione
877 1989 1095 2070 exemptum,
1124 1990 1161 2047 et
1183 1983 1324 2070 proinde

200 2096 312 2184 quoad
338 2095 417 2160 illos
442 2102 559 2161 tenere
586 2095 700 2160 locum
724 2094 892 2182 episcopi;
920 2117 1016 2177 nam,
1037 2102 1077 2160 ut
1100 2102 1197 2161 notat
1216 2097 1325 2162 Bene-

201 2211 311 2274 dictus
338 2208 550 2290 x1V²,1icet
576 2209 611 2272 in
638 2207 756 2272 multis
782 2207 883 2272 rebus
911 2209 1083 2295 exemptio
1109 2207 1151 2273 ab
1176 2210 1325 2299 episcopi

196 2322 433 2412 jurisdictione
453 2345 616 2388 concessa
639 2321 742 2386 luerit
760 2319 1005 2408 Regularibus,
1031 2328 1183 2388 attamen
1206 2323 1325 2388 violari

201 2459 378 2524 nunquam
406 2437 519 2525 potuit
550 2436 787 2522 episcoporum
815 2436 1001 2500 auctoritas
1028 2435 1064 2500 in
1094 2436 1135 2501 iis
1169 2436 1326 2503 omnibus

201 2574 277 2639 quae
304 2550 348 2616 ad
378 2573 510 2616 sacram
528 2549 778 2614 ordinationem
806 2549 995 2636 pertinent3
1022 2587 1066 2598 -
1089 2551 1124 2617 2.
1148 2551 1327 2637 Iurispru-

202 2665 315 2728 dentia
343 2663 379 2728 S.
414 2663 543 2750 Conqr.
575 2663 735 2746 Concilii,
757 2685 832 2750 quae
864 2662 993 2750 pluries
1025 2664 1062 2727 in
1085 2665 1205 2730 eodem
1224 2689 1327 2730 sensu

202 2777 390 2867 respondit,
408 2799 531 2864 nempe
547 2779 588 2843 17
609 2777 690 2842 maii
705 2776 805 2858 1593,
826 2778 866 2842 31
884 2777 965 2842 maii
979 2777 1077 2858 1597,
1097 2777 1113 2841 1
1131 2779 1210 2866 julii
1226 2779 1324 2861 1597,

204 2894 246 2957 12
279 2897 366 2979 sept.
403 2891 522 2974 16093,
549 2899 584 2956 et
617 2890 666 2956 sic
693 2891 833 2956 tandem
865 2891 934 2956 acri
957 2893 1196 2956 controversiae
1225 2895 1327 2959 tinem

203 3005 381 3094 imposuit;
404 3005 551 3071 sufficiat
574 3005 732 3070 ultimam
756 3005 1015 3086 resolutionem,
1037 3029 1093 3071 an.
1119 3005 1220 3088 1609,
1242 3010 1327 3074 reoi-

203 3127 302 3186 tare:
329 3147 345 3180 a
374 3119 476 3185 Sacra
497 3119 727 3207 Congregatio
745 3119 871 3206 saepius
890 3119 1076 3184 declaravit
1094 3121 1327 3188 remissionem

203 3233 479 3314 interstitiorum,
501 3255 542 3298 ex
562 3234 673 3298 causis
692 3256 710 3297 a
731 3232 874 3297 concilio
894 3233 1077 3320 expressis,
1094 3237 1267 3319 pertinere
1285 3241 1329 3302 ed

204 3349 397 3433 episcopum
430 3348 664 3430 ordinantem,
700 3329 812 3434 quoad
836 3347 1025 3434 Regulares
1053 3346 1096 3411 ab
1124 3371 1164 3412 eo
1192 3349 1328 3416 ordines

205 3461 446 3548 suscipientes,
474 3483 540 3525 non
568 3468 682 3524 autem
709 3461 754 3524 ad
787 3461 961 3546 reputares
985 3461 1197 3546 superiores,·
1216 3463 1329 3552 ipsum

205 3581 322 3639 tamen
340 3573 538 3662 episcopum
558 3574 600 3638 de
619 3573 731 3638 causis
755 3573 964 3638 remissionis
983 3575 1092 3639 teneri
1111 3575 1214 3640 fidem
1233 3577 1328 3642 adhi-

205 3687 286 3754 bere
304 3711 344 3753 ao
363 3687 492 3754 deterre
511 3687 708 3753 testimonio
728 3687 913 3774 superioris
931 3687 1107 3774 regularis.
1132 3717 1149 3752 »

252 3803 285 3868 3⁰
309 3801 478 3882 Quaeritur
501 3811 615 3868 autem
648 3801 691 3866 ad
720 3823 903 3890 quemnam
932 3799 1129 3890 episcopum
1158 3804 1215 3892 jus
1244 3806 1329 3872 illud

205 3917 389 4004 pertineat3
420 3917 462 3982 de
495 3939 562 4005 quo
590 3915 797 3982 dicendum:
833 3916 896 3980 Vel
927 3917 1107 4005 episcopus
1129 3920 1332 3986 dicecesanus

239 4123 248 4157 ¹
266 4123 347 4184 Apud
363 4122 538 4170 Benedictum
554 4121 626 4179 xlv,
642 4121 709 4171 Insl.
726 4121 822 4170 LVIII.

239 4199 251 4233 ²
266 4202 335 4249 Inst.
353 4200 449 4256 XXIII,
467 4215 493 4248 n.
510 4205 533 4248 8.

241 4278 252 4313 ⁸
267 4279 348 4342 Apud
363 4279 539 4327 Benedtctum
556 4277 627 4339 xlv,
643 4279 708 4328 Inst.
722 4279 818 4328 Ll'III.
