3246 5052
573 1213 786 1294 CAPUT
824 1212 896 1292 III

297 1639 343 1690 DE
373 1638 519 1691 Riitsst's
549 1638 845 1692 ESSENTIALIBL'S
876 1637 1164 1692 (rnitINnTtONt'tt

616 1770 849 1824 tnrssfltont'tt

340 2291 358 2359 ξ
379 2289 410 2344 1.
434 2291 485 2346 De
505 2291 580 2346 ritu
601 2289 797 2348 essentiali
818 2289 1121 2348 subdiaconatus.

216 2525 311 2593 284.
326 2561 372 2574 -
383 2525 440 2591 De
455 2525 536 2591 ritu
554 2525 758 2602 ¹essentiali
774 2525 1082 2594 subdiaconatus
1101 2528 1144 2594 in
1163 2524 1298 2593 Eccle-

171 2641 230 2708 sia
247 2639 385 2707 latina.

222 2757 252 2816 1⁰
272 2755 413 2820 Praeoia.
437 2795 478 2807 —
498 2756 573 2820 Non
595 2756 706 2842 agitur
725 2755 766 2818 de
782 2753 950 2841 prioribus
967 2754 1126 2818 Ecclesia
1146 2755 1295 2834 sarculis,

173 2869 205 2930 in
233 2867 368 2955 quibus,
399 2870 527 2950 Romu,
557 2869 821 2934 subdiaconatus
849 2869 994 2934 collatus
1021 2867 1238 2948 censebatur,
1260 2875 1299 2932 ut

171 3003 273 3067 supra
292 2984 342 3068 (n.
367 2981 462 3070 196)
483 2982 612 3047 dictum
633 2989 696 3064 est,
713 3005 772 3070 per
790 2983 900 3046 solam
919 2983 1030 3048 calicia
1045 2984 1295 3063 traditioncm¹‚

172 3093 231 3157 sed
251 3095 293 3158 de
314 3095 524 3183 temporibus
549 3096 810 3176 recentioribus,
832 3097 867 3160 in
892 3095 1015 3184 quibus
1035 3096 1299 3162 subdiaconatus

171 3207 344 3272 confertur
370 3210 469 3296 juxta
489 3210 687 3295 Pontificale
711 3210 916 3274 Romanum.
940 3208 1094 3288 Quatuor
1120 3218 1235 3275 autem
1264 3211 1298 3275 in

170 3321 232 3385 hac
252 3321 466 3388 ordinatione
486 3331 566 3388 sunt
586 3325 670 3389 ritus
687 3326 814 3412 (supra,
832 3347 866 3390 n.
890 3325 999 3412 212),
1017 3346 1139 3412 nempe
1161 3327 1299 3390 traditio

170 3435 283 3500 calicis
306 3446 338 3500 et
358 3447 490 3523 patena
515 3462 593 3503 cum
618 3439 758 3503 relativa
788 3439 938 3504 oratione
946 3457 961 3522 ,·
986 3439 1125 3503 traditio
1152 3440 1298 3504 urceolo-

172 3571 248 3613 rum
270 3574 348 3614 cum
368 3553 470 3617 bacili
489 3563 520 3616 et
542 3553 756 3636 manutcryio
768 3571 782 3635 ‚¹
808 3553 977 3640 impositio
1006 3555 1169 3627 vestium:
1195 3555 1299 3618 tradi-

172 3663 217 3726 tio
239 3665 320 3729 titrt
339 3667 573 3751 epistolarum.

216 3779 249 3840 2⁰
268 3779 414 3844 rilateria
434 3789 537 3846 certa.
560 3821 602 3830 —
623 3781 761 3846 Certum
778 3791 841 3862 est,
859 3781 950 3869 apud
970 3805 1088 3846 omnes
1101 3785 1123 3862 ²,
1146 3783 1300 3846 traditio·

204 3935 211 3966 ¹
229 3935 297 3983 Nam
313 3937 357 3985 iiia
370 3938 457 3986 oratio
470 3937 671 3993 Intercedente‚
687 3939 798 3986 omnino
812 3939 944 4000 generalis
959 3943 987 3988 et
1001 3939 1222 3993 indeterminata.
1239 3953 1299 4000 quae

172 4015 291 4074 potuerit
311 4015 441 4077 applicari
461 4017 588 4064 omnibns
607 4018 784 4066 sacramentis
804 4020 832 4065 et
851 4016 1106 4076 sacramentalibus,
1123 4031 1176 4064 non
1193 4016 1300 4063 ridetur

171 4093 334 4152 pertinuisse
354 4094 388 4140 ad
408 4094 489 4142 ritum
508 4094 679 4142 essentialem
698 4094 925 4154 subdiaconatus;
944 4095 1015 4143 unde
1034 4096 1068 4143 de
1088 4109 1117 4143 ea
1138 4109 1191 4142 non
1211 4095 1300 4154 agitur

171 4171 243 4232 apud
257 4170 365 4219 Siatuta
379 4172 450 4221 Erci.
467 4172 591 4236 antiqua.

202 4247 213 4281 ²
231 4247 351 4311 Excepto
371 4250 461 4298 forsan
480 4266 533 4298 uno
554 4251 595 4298 vei
614 4251 713 4308 aitcro,
734 4267 759 4300 v.
783 4267 818 4313 g„
836 4253 988 4313 Virrium,
1007 4253 1077 4313 apud
1096 4251 1231 4299 Morinum
1254 4252 1299 4313 qni
