3290 5060
341 455 377 506 90
609 457 653 507 DE
673 457 811 507 LEGIBUS
831 457 944 507 SACRAE
963 455 1200 508 ORDINA'l'lONlS

342 607 475 664 mortuo
505 607 617 689 petre,
648 607 683 664 et
710 599 852 687 proinde
881 599 1048 688 pupilluS,
1077 599 1230 686 sequitur
1257 597 1470 663 domicilium

341 713 475 794 matris,
502 735 577 800 qum
602 721 654 778 est
677 713 751 800 ejus
773 713 912 778 tutrix¹.
935 713 1049 792 Unde,
1072 712 1127 777 hic
1151 713 1252 777 etiam
1276 713 1470 802 putaverim

340 828 502 916 applicari
540 849 657 915 posse,
693 828 815 892 saltem
853 827 944 916 apud
980 850 1060 908 nos,
1096 827 1331 915 exceptionem
1365 849 1469 914 supra

341 949 483 1030 dictam,
505 972 628 1036 nempe
648 949 693 1025 si,
715 955 793 1036 post
812 950 1028 1014 nativitatem
1052 948 1227 1014 fortuitam
1246 948 1307 1013 lilii
1326 949 1360 1012 in
1382 949 1467 1012 dioe-

340 1061 409 1126 cesi
428 1063 477 1144 Α,
499 1070 620 1142 mater,
643 1071 776 1128 mortuo
801 1069 912 1150 patre,
936 1063 970 1126 in
995 1063 1056 1127 hac
1081 1061 1219 1127 dioeeesi
1242 1063 1275 1128 A
1298 1061 1364 1126 sibi
1388 1059 1469 1126 eon-

340 1177 461 1241 stituat
494 1199 613 1242 verum
648 1175 875 1257 domicilium,
911 1177 1091 1265 episcopus
1124 1179 1155 1240 A
1189 1177 1252 1241 erit
1287 1177 1468 1266 episcopus

341 1289 513 1377 originis&
537 1329 583 1338 -
608 1291 751 1372 Verum,
778 1292 807 1354 si
833 1298 985 1379 tempore
1011 1291 1201 1357 nativitatis
1227 1289 1305 1372 filii,
1332 1299 1468 1355 mortuo

340 1412 452 1492 patre,
475 1412 583 1468 mater
600 1403 724 1469 nullibi
742 1405 900 1470 habuerit
919 1404 1129 1470 domicilium
1149 1413 1208 1468 aut
1226 1404 1343 1470 sedem
1362 1403 1467 1468 stabi-

340 1520 423 1600 lem,
444 1525 542 1598 tunc,
565 1541 633 1583 non
657 1519 752 1604 origo
776 1520 911 1600 matriS,
934 1518 995 1584 sed
1017 1519 1112 1606 origo
1137 1519 1244 1607 patris
1267 1519 1332 1583 erit
1355 1525 1467 1582 atten-

340 1632 470 1714 denda;
492 1633 582 1697 lilius
601 1633 691 1698 enim
711 1633 885 1719 legitimus
905 1633 1058 1720 sequitur
1076 1633 1242 1719 originem
1262 1633 1379 1720 patris,
1397 1653 1466 1696 non

340 1747 471 1828 matris,
485 1754 525 1812 ut
544 1753 680 1812 cautum
700 1753 773 1811 erat
792 1747 869 1835 juro
890 1749 1056 1828 Romano,
1074 1747 1112 1812 L.
1130 1747 1248 1830 Filios,
1266 1747 1298 1826 3,
1313 1745 1400 1811 ·Cod.
1415 1745 1467 1810 Du

341 1881 539 1927 numeremus
566 1862 629 1950 (X,
652 1863 827 1949 xxxrmlt
852 1889 867 1921 «
885 1861 1006 1941 Filios,
1033 1862 1126 1946 opud
1149 1861 1316 1945 oripinem
1335 1861 1463 1946 patris,

342 1997 408 2038 non
436 1977 469 2038 ιἰι
498 1985 651 2040 materna
675 1977 823 2058 civitate,
850 1977 911 2040 etsi
938 1977 985 2040 ihi
1012 1977 1083 2040 neti
1106 1976 1191 2060 siut,
1214 1975 1243 2039 si
1269 1973 1370 2038 modo
1396 1997 1465 2038 non

341 2088 521 2152 domiciliis
541 2089 764 2168 retineantur,
787 2090 829 2154 ad
849 2090 993 2154 honores
1012 2111 1073 2154 seu
1092 2111 1233 2154 munera
1251 2112 1352 2177 posse
1372 2111 1465 2153 com-

339 2201 438 2286 pelli,
461 2202 627 2289 explorati
647 2203 734 2291 juris
758 2211 822 2268 est.
843 2231 859 2264 »
885 2203 984 2282 Quod
1003 2204 1080 2290 jure
1105 2204 1268 2268 canonico
1291 2209 1465 2289 receptum

340 2322 403 2378 est.
426 2317 600 2398 Ceterum,
622 2341 684 2404 pro
702 2317 766 2382 hoc
790 2341 886 2399 casu,
909 2319 999 2382 clara
1018 2325 1099 2382 sunt
1118 2325 1152 2382 et
1171 2317 1342 2405 generalia
1362 2314 1464 2380 verbo

340 2428 540 2496 Innocentii.
559 2469 604 2479 -
624 2431 687 2495 Hic
712 2432 745 2494 in
767 2439 917 2496 mentem
940 2438 1137 2496 revocatum
1161 2431 1252 2512 volo,
1274 2429 1365 2519 quod
1384 2428 1465 2494 alibi

338 2543 536 2630 exponitur,
570 2567 712 2609 uxorem
745 2545 871 2610 mortui
903 2544 1017 2608 mariti
1055 2545 1265 2610 domicilium
1300 2543 1462 2616 retinere,

340 2656 446 2722 donec
465 2657 521 2722 vel
540 2659 616 2722 eliis
636 2659 781 2746 nuptiis,
803 2659 859 2724 vel
878 2659 945 2724 alio
965 2659 1066 2722 modo
1086 2657 1178 2723 aliud
1197 2659 1403 2746 acquiratur.

384 2884 452 2953 30.
466 2923 510 2932 —-
525 2885 746 2973 Episcopus
761 2887 931 2974 originis
945 2886 1077 2974 quoad
1091 2885 1196 2954 filios
1215 2885 1462 2972 illegitimos,

338 3000 555 3086 expositos,
583 2999 811 3086 derelictos,
838 2999 903 3068 vol
925 3006 1040 3068 natos
1066 3002 1109 3068 in
1135 3000 1233 3068 locis
1258 2999 1464 3068 haeretico·

337 3130 444 3198 rum,
465 3119 539 3181 etc.

384 3225 418 3288 l⁰
434 3225 552 3302 Quoad
566 3229 826 3313 illepitimos.—
837 3229 931 3292 ldem
951 3228 1089 3292 omnino
1109 3229 1290 3294 dicendum
1305 3225 1463 3316 estquod

337 3338 378 3402 de
409 3339 587 3426 legitimis,
622 3344 721 3407 modo
745 3343 977 3407 substituatur
1013 3351 1121 3406 meter
1151 3343 1262 3428 petri,
1298 3342 1377 3430 quia
1404 3342 1462 3428 jus

336 3455 490 3540 agnoscit
518 3455 716 3542 illegitimos
744 3463 783 3522 ut
812 3457 901 3540 filios
930 3458 1065 3538 matris,
1095 3463 1214 3545 utpote
1245 3457 1303 3544 qui
1332 3455 1374 3521 ab
1403 3455 1463 3520 illa

336 3575 428 3632 certo
447 3569 643 3656 procedant.
666 3571 764 3636 Unde
784 3571 818 3634 in
838 3568 996 3634 omnibus
1020 3579 1208 3658 sequuntur
1227 3570 1462 3634 condicionem

335 3681 471 3764 matris,
493 3683 573 3748 licet
591 3683 633 3748 de
652 3693 747 3771 patre
767 3689 860 3748 certo
880 3689 1029 3766 constet,
1047 3683 1126 3770 quia
1145 3683 1207 3747 hoc
1228 3691 1280 3748 est
1295 3707 1360 3769 per
1377 3685 1462 3748 ccci-

335 3797 428 3862 dens.
448 3835 493 3844 —
511 3797 612 3862 Ratio
639 3806 706 3878 est,
733 3799 780 3864 ait
806 3799 1019 3878 Honomnte,
1042 3797 1122 3884 quia
1149 3825 1164 3858 (ι
1190 3798 1226 3884 ly
1253 3799 1367 3862 Patris
1392 3797 1461 3862 late

367 4016 374 4048 ¹
395 4017 476 4078 Apud
488 4031 537 4064 nos
550 4017 621 4065 onim
632 4017 751 4079 pupillus
762 4019 886 4080 sequitur
895 4017 1062 4066 domicilium
1075 4017 1180 4074 tutoris,
1194 4015 1259 4065 Cod.
1271 4015 1330 4072 eiu,
1342 4019 1392 4065 art.
1404 4021 1459 4072 108,

335 4099 375 4151 et,
390 4099 498 4143 mortuo
514 4095 645 4143 nltcrutro
665 4099 790 4157 parente,
806 4111 903 4158 parcns
918 4099 1058 4158 superstes
1073 4100 1116 4144 est
1130 4096 1189 4157 ipso
1201 4095 1262 4158 juro
1280 4098 1363 4154 tutor,
1381 4093 1458 4152 ibid„

334 4177 385 4222 art.
401 4179 455 4221 390.

365 4251 376 4283 ¹
393 4253 458 4299 Item
473 4251 583 4300 dubiam
599 4251 727 4314 relinquit
743 4253 885 4316 Gssperri,
902 4253 940 4302 De
954 4252 1136 4310 ordinatione,
1153 4269 1179 4300 n.
1193 4257 1253 4311 821,
1270 4256 1289 4302 t.
1301 4267 1332 4310 n,
1349 4267 1375 4315 p.
1386 4256 1427 4301 97.
