3270 5050
298 454 331 507 II
562 453 606 502 DE
626 453 765 504 LEGIBUS
785 451 899 503 SACRAE
917 451 1155 504 ORDINA'I'IONIS

295 600 410 688 gorius
430 599 618 684 Nyssenus,
637 595 752 662 Oratio
773 597 808 660 in
827 598 1037 682 baptismum
1057 595 1199 680 Christi,
1216 596 1361 685 loquens
1380 596 1423 660 de

295 713 508 778 ordinatione
541 709 759 791 sacerdotali,
794 710 873 775 ait:
908 709 1075 775 «Eadem
1108 709 1203 774 verbi
1236 711 1289 774 vis
1319 709 1423 774 etiam

295 826 506 892 sacerdotem
526 831 709 912 augustum
729 831 764 888 et
782 822 1019 888 honorandum
1038 823 1135 906 lacit,
1153 823 1303 889 novitate
1322 823 1424 889 bene-

296 941 455 1006 dictionis
473 963 492 1003 s
511 938 756 1003 communitate
775 938 870 1024 vulgi
890 945 1103 1025 separatum;
1124 961 1201 1002 cum
1222 939 1329 1020 enim,
1351 938 1423 1003 heri

295 1079 336 1121 ac
354 1063 506 1141 ternpore
531 1053 712 1141 superiori,
734 1075 823 1116 unus
847 1075 865 1116 e
884 1051 1103 1117 multitudine
1127 1075 1166 1117 ac
1185 1052 1284 1141 plebe
1303 1053 1420 1127 luerit,

296 1175 435 1257 repente
455 1169 493 1232 fit
511 1173 709 1255 praeceptor,
730 1189 871 1254 praeses,
893 1166 1011 1231 doctor
1030 1167 1166 1254 piatatis
1185 1175 1220 1232 et
1243 1168 1424 1254 mysterio-

297 1305 372 1348 rum
395 1281 607 1346 occultorum
630 1279 770 1368 praesul,
796 1303 902 1368 eaque
931 1281 1136 1367 contingunt
1161 1281 1208 1363 ei,
1235 1305 1312 1346 cum
1338 1280 1424 1345 nihil

298 1397 353 1462 vel
372 1419 511 1483 corpore
535 1395 591 1458 veI
615 1392 722 1458 forma
746 1401 897 1459 mutatus
916 1395 977 1476 sit,
1000 1395 1076 1475 sed,
1097 1395 1191 1482 quod
1209 1396 1253 1460 ad
1276 1395 1424 1484 speciem

299 1517 472 1576 externam
496 1509 635 1588 attinet,
657 1507 747 1572 idem
772 1509 816 1572 sit
839 1508 898 1596 qui
922 1515 1011 1584 erat,
1035 1509 1195 1574 invisibili
1218 1512 1369 1596 quadam
1393 1511 1425 1574 υἱ

287 1646 335 1688 ¹ac
364 1625 477 1710 qratia
510 1623 712 1686 invisibilem
743 1623 893 1686 animam
924 1625 959 1686 in
993 1624 1112 1688 metius
1141 1629 1425 1710 transformatam

297 1761 434 1824 pereni,
470 1727 595 1832 ἁὸράτῳ
622 1745 682 1805 τινὶ
710 1733 836 1831 δυνάμει
864 1745 917 1806 καὶ
945 1745 1052 1831 χάριτι
1075 1735 1134 1814 τὴν
1164 1743 1294 1833 ἀόρατον
1324 1739 1424 1833 ψυχὴν

300 1855 547 1948 μεταμορφωθεὶς
565 1855 639 1945 πρὸς
663 1855 701 1920 τὸ
722 1853 881 1939 cereae:
906 1877 923 1910 »
949 1887 993 1900 -
1012 1851 1044 1915 3.
1069 1851 1286 1917 Innocentius
1306 1852 1333 1934 I,
1356 1852 1424 1940 epi-

298 1965 388 2030 stola
402 1985 495 2046 xxiv,
518 1964 577 2028 Ad
595 1963 848 2044 Alexandrum,
866 1986 900 2028 n.
919 1963 951 2044 I,
974 1971 1090 2052 aperte
1114 1965 1212 2030 docet
1236 1967 1270 2030 in
1291 1967 1424 2032 ordina-

298 2081 391 2144 tione
419 2077 565 2142 conlerri
589 2077 840 2162 plenitudinem
860 2076 1010 2162 Spiritus
1029 2077 1161 2164 Sancti,
1191 2104 1293 2168 quem
1323 2089 1425 2168 negat

299 2193 372 2257 dari
390 2191 433 2256 ab
452 2191 622 2280 episcopis
640 2191 777 2256 Arianis
796 2210 803 2256 :
829 2217 845 2250 α
866 2192 937 2256 Nec
956 2191 1036 2257 dare
1055 2193 1130 2281 ejus
1149 2193 1334 2284 (Spiritus)
1353 2197 1425 2284 ple·

299 2305 489 2370 nitudinem
513 2311 658 2392 possunt
682 2326 757 2392 quac
781 2306 928 2369 maxime
952 2306 987 2370 in
1013 2307 1284 2375 ordinationibus
1310 2333 1427 2399 opera-

299 2421 394 2500 tur23
416 2447 431 2480 n
458 2459 502 2469 -
528 2419 560 2484 I.
587 2418 837 2500 Theodoretus,
869 2419 1024 2484 Historia
1057 2421 1230 2508 reliqiosa,
1262 2447 1335 2514 cap.
1365 2447 1422 2505 nv,

299 2557 441 2598 narrans
456 2533 705 2597 ordinationem
719 2531 987 2619 presbyteralem
1004 2535 1208 2624 Acepsimae,
1226 2539 1293 2604 ait:
1312 2567 1327 2599 a
1347 2540 1423 2618 Hic,

298 2647 442 2734 genibus
467 2646 580 2729 llexis,
607 2647 768 2732 gratiam,
794 2647 851 2725 τὴν
874 2655 975 2742 χάριν,
998 2649 1214 2736 expectabat,
1241 2653 1298 2718 ille
1325 2653 1426 2742 (pon-

298 2761 400 2849 tifex)
443 2783 582 2825 manum
624 2760 803 2847 imponens
838 2759 979 2848 Spiritui
1021 2762 1248 2831 famulabatur
1263 2769 1294 2847 3;
1325 2795 1341 2827 n
1383 2806 1427 2818 -

299 2877 332 2941 5.
354 2875 390 2940 S.
412 2873 627 2960 Augustinus
651 2874 685 2938 in
709 2873 829 2938 eodem
853 2897 991 2961 prorsus
1017 2877 1125 2963 gradu
1150 2881 1247 2966 ponIt
1273 2881 1426 2946 ordinem

298 2995 334 3052 et
360 2995 610 3052 sacramentum
637 2987 817 3075 baptismi,
844 2987 922 3052 vide
950 2987 1024 3075 ejus
1054 2991 1158 3074 verba
1185 2994 1290 3059 relata
1320 2995 1422 3078 infra,

300 3125 334 3166 n.
359 3101 425 3169 18.
1096 3105 1098 3110 ’

344 3215 443 3281 Unde
464 3222 616 3280 nostram
638 3215 906 3303 propositionem
932 3217 1088 3284 delinivit
1106 3227 1269 3310 tanquam
1295 3225 1336 3288 de
1360 3224 1425 3290 fide

300 3351 397 3394 conc.
419 3329 671 3410 Tridentinum,
693 3329 881 3395 canonibus
902 3331 971 3396 3et
987 3331 1023 3414 I,
1042 3357 1125 3400 sess.
1145 3336 1274 3419 XXIII,
1293 3339 1344 3404 De
1367 3361 1425 3405 oa-

301 3463 387 3507 muu.
410 3482 454 3492 —
476 3443 566 3507 Num
588 3449 702 3508 autem
729 3443 945 3532 episcopatus
963 3446 1007 3510 sit
1030 3461 1281 3516 sacramentum
1304 3453 1426 3518 distin·

300 3565 394 3620 ctum
406 3579 425 3618 a
437 3558 696 3642 presbyteratu,
715 3557 838 3622 dicitur
857 3558 961 3642 infra,
976 3583 1010 3625 n.
1029 3562 1069 3630 6.

346 3671 380 3734 2⁰
401 3671 450 3735 De
469 3671 647 3735 diaconatu
663 3694 716 3735 res
732 3673 834 3736 etiam
854 3679 907 3736 cst
926 3681 1033 3755 certa,
1057 3675 1136 3742 licet
1152 3679 1233 3743 olim
1248 3704 1268 3744 a
1287 3682 1426 3768 quibus-

302 3785 407 3849 dam⁴
434 3791 570 3870 negata.
599 3784 809 3852 —Constat
837 3787 928 3850 enim
958 3789 1205 3857 ordinationem
1228 3795 1426 3863 diaconatus

334 4018 344 4051 ¹
360 4017 463 4078 Iligne,
480 4015 509 4063 P.
527 4017 567 4072 G„
584 4018 604 4064 t,
621 4031 694 4072 xcvi,
712 4015 765 4065 col.
781 4021 835 4065 581.

334 4095 462 4157 ¹Mignr,
480 4095 508 4142 I’.
526 4095 563 4147 t..
581 4097 600 4142 t.
616 4109 663 4152 xx,
680 4095 730 4142 cul.
748 4100 800 4142 550.

334 4173 462 4236 ³Migne,
479 4173 508 4220 Ρ,
526 4175 565 4230 G„
582 4177 602 4221 t.
619 4187 716 4231 rxxxn,
733 4174 784 4221 col.
801 4178 870 4224 1415.

334 4254 345 4286 ⁴
363 4251 391 4300 V.
406 4267 440 4315 g„
458 4251 616 4309 Durandus,
632 4251 658 4298 in
674 4251 756 4308 Sent,
776 4253 822 4300 lib.
837 4253 883 4313 IV,
900 4255 964 4304 dist.
982 4271 1053 4313 xxiv,
1074 4273 1100 4320 q.
1119 4267 1132 4308 2
1140 4295 1146 4320 ,
1164 4275 1189 4308 ιι.
1205 4267 1272 4320 6-9,
1291 4263 1425 4326 Lugduni,
