3248 5052
640 455 842 507 nociturum
1252 450 1303 504 649

179 603 264 657 extra
287 596 446 658 observari
468 599 581 658 debere
604 597 816 669 decernimus;
834 597 955 655 irritum
971 615 1096 676 quoque
1112 601 1152 654 et.
1166 596 1255 654 inane
1278 596 1303 654 si

179 713 268 752 secus
291 713 386 772 super
410 695 457 754 his
480 717 496 755 a
522 715 697 776 quoquam,
719 693 830 774 quavis
853 691 1039 753 auctoritato
1064 691 1112 749 vel
1133 699 1301 771 presterum,

179 789 311 848 scienter
322 791 369 849 vel
384 791 573 870 ignoranter,
586 790 753 870 contigerit
765 789 911 850 attentari
923 787 1126 860 declarantes¹
1139 787 1303 847 contrariis

179 905 240 944 non
255 884 453 946 obstantibus
468 886 729 969 quibuscumque.

218 981 371 1041 Volumus
391 991 494 1042 nutem
512 991 547 1042 ut
566 982 676 1042 harum
692 983 868 1042 litterarum
889 980 1039 1060 exemplis
1058 980 1151 1040 etiam
1173 981 1303 1059 impres·
1390 1056 1392 1064 .

177 1077 233 1149 sis,
251 1098 344 1138 manu
365 1087 469 1138 tamen
485 1079 598 1138 notarii
620 1079 803 1160 subscriptis
819 1085 850 1137 et
866 1098 921 1158 per
935 1076 1140 1138 constitutum
1157 1078 1187 1136 in
1204 1077 1303 1136 eccle-

176 1173 299 1232 siastica
323 1173 476 1252 dignitate
501 1175 602 1234 virum
627 1175 729 1252 sigillo
753 1175 897 1245 munitis,
920 1172 1028 1233 eadem
1053 1172 1204 1232 habeatur
1228 1173 1303 1232 fides

176 1289 246 1349 quae
267 1270 389 1328 Nostrae
418 1270 589 1330 voluntatis
615 1270 833 1349 significationi
858 1270 907 1329 his
934 1268 1140 1350 praesentibus
1167 1269 1302 1328 ostensis

177 1364 355 1426 haberetur.

217 1526 332 1585 Datum
363 1526 486 1600 Romae,
513 1527 595 1606 apud
622 1535 763 1587 sanctum
794 1527 937 1600 Petrum,
968 1547 1049 1586 anno
1079 1525 1302 1586 incarnationis

177 1621 350 1682 Dominicae
371 1622 535 1682 millesimo
558 1623 816 1700 octingentesimo
843 1623 1045 1702 nonagesimo
1069 1631 1173 1696 sexto,
1199 1621 1302 1680 idibus

175 1717 421 1798 septembribus,
438 1719 638 1799 pontificatus
655 1720 760 1780 Nostri
776 1739 858 1778 enno
873 1719 995 1779 decimo
1012 1740 1105 1778 nono,

216 1945 252 2003 Α.
271 1943 363 2004 Card.
383 1943 792 2017 Brincn1,Pro-Datarinr.
859 1943 895 2004 C.
914 1943 1006 2004 Card.
1025 1945 1071 2004 Dr
1089 1943 1257 2004 Rusonem).
1298 2017 1300 2026 s

702 2131 776 2190 Visa

395 2243 442 2302 De
457 2242 550 2302 Curia
568 2244 592 2302 1.
610 2243 657 2302 De
672 2243 784 2324 Aquila
800 2263 816 2302 e
832 2243 1078 2302 vicecomitibus.

293 2420 374 2478 Loco
390 2423 411 2497 †
427 2420 557 2500 plumbi.
966 2421 995 2480 J.
1013 2421 1157 2480 Cuouom.

217 2513 294 2593 Reg.
311 2515 343 2573 in
359 2525 468 2576 secret.
487 2516 638 2576 brevium.
