3316 5052
365 511 416 563 340
632 513 674 562 DE
694 512 833 562 LEGIBUS
853 511 967 562 SACRAE
986 511 1224 562 onnlnsrloms

364 655 484 736 Cone,
517 655 552 719 in
583 655 791 738 Ariminen,
824 653 844 720 8
875 663 909 719 et
940 654 982 721 29
1015 677 1093 742 aug.
1130 653 1230 736 1722,
1268 653 1308 718 15
1341 655 1420 719 maii
1453 661 1487 719 et

366 769 405 834 Π
421 769 499 856 julii
516 770 601 836 1723
613 773 634 851 ¹,
652 793 727 858 quae
748 769 884 833 tandem
904 767 1078 856 respondit
1099 795 1115 828 ιι
1133 790 1207 833 esse
1226 767 1487 856 relinquendum

364 882 501 949 arbitrio
521 891 555 948 et
574 883 789 948 conscientiae
809 881 1064 948 Ordinariorum
1086 910 1101 942 n
1114 883 1136 946 ².

410 998 451 1062 D.
471 997 516 1062 Ut
528 997 571 1062 sit
586 1005 813 1082 perpetuum,·
827 996 898 1061 haec
918 996 1055 1084 quidem
1074 995 1228 1060 condicio
1244 1018 1311 1061 non
1327 1017 1487 1082 expresse

364 1111 522 1176 scribitur
537 1111 571 1175 in
591 1111 648 1175 cit.
671 1133 765 1175 conc.
784 1109 972 1174 Tridentini
991 1132 1065 1196 cap.
1089 1107 1177 1173 Cum
1193 1132 1259 1174 non
1274 1110 1407 1192 deceat,
1426 1109 1487 1174 sed

363 1226 452 1290 clare
473 1223 662 1306 deducitur,
677 1232 750 1288 tum
770 1247 811 1289 ex
830 1227 897 1309 fine
919 1224 1012 1310 lepis,
1034 1246 1156 1312 nempe
1170 1231 1331 1312 perpetua
1352 1231 1486 1288 susten-

364 1339 492 1404 tatione
512 1339 637 1420 clerici,
660 1345 733 1402 tum
753 1361 796 1404 ex
812 1347 881 1402 toto
901 1347 1016 1402 tenore
1034 1339 1164 1423 capitis,
1187 1338 1258 1402 sive
1278 1338 1356 1426 quia
1375 1337 1487 1424 agitur

364 1453 405 1517 de
429 1451 609 1533 beneficis,
645 1452 736 1540 quod
767 1451 808 1516 de
838 1459 958 1516 natura
988 1474 1048 1517 sua
1080 1459 1132 1516 est
1164 1459 1381 1539 perpetuum,
1415 1450 1486 1514 sive

364 1565 441 1654 quia
468 1564 666 1654 prohibetur
692 1565 835 1630 clericus
862 1587 904 1629 ne
923 1587 1075 1652 unquam
1101 1565 1250 1651 resignet
1274 1564 1338 1629 hoc
1359 1563 1486 1628 benefi-

363 1681 464 1760 cium,
493 1687 531 1744 ut
555 1679 640 1743 infra
672 1679 819 1760 dicetur;
851 1679 940 1743 unde
972 1679 1099 1766 pluries
1124 1678 1159 1744 S.
1189 1676 1316 1764 Congr.
1343 1675 1486 1743 Concilii

363 1793 537 1881 respondit
551 1790 751 1858 beneficium
772 1791 894 1857 debere
914 1815 989 1856 esse
1001 1799 1202 1880 perpetuum
1214 1793 1237 1874 ⁸,
1255 1799 1289 1856 et
1308 1792 1354 1856 ita
1369 1797 1487 1856 tenent

363 1930 492 1972 omnes.
523 1945 567 1955 ——
595 1906 632 1972 Si
666 1915 778 1971 tamen
808 1905 951 1971 clericus
981 1905 1155 1993 possideat
1182 1904 1383 1970 beneficium
1417 1927 1485 1969 ma-

363 2021 481 2101 nuale,
503 2029 537 2085 et
552 2027 731 2107 patronus,
754 2044 772 2084 a
792 2043 859 2108 quo
878 2019 1026 2106 pendeat
1045 2019 1186 2084 remotio
1211 2017 1416 2098 beneficiati,
1439 2019 1486 2082 ita

364 2159 399 2200 se
419 2135 611 2221 obstringat
630 2135 672 2199 ad
695 2157 763 2198 non
788 2133 1033 2198 removendum
1061 2133 1237 2215 clericum,
1260 2142 1298 2199 ut
1321 2155 1438 2198 revera
1457 2132 1486 2196 is

363 2257 510 2337 nequeat
524 2271 632 2337 usque
647 2249 689 2313 ad
703 2255 847 2312 mortem
867 2248 1033 2312 removeri
1054 2247 1109 2336 (de
1128 2269 1195 2335 quo
1208 2247 1339 2335 judicet
1358 2247 1486 2334 episco-

363 2361 461 2450 pus),
492 2369 605 2452 potest
636 2361 784 2426 ordinari
815 2361 858 2425 ad
889 2361 1027 2426 titulum
1060 2359 1162 2447 hujus
1191 2359 1361 2442 beneficii,
1395 2359 1487 2448 quod

363 2499 478 2541 revera
499 2476 533 2540 in
552 2498 635 2540 casu
654 2474 718 2540 erit
736 2481 956 2562 perpetuum,
979 2474 1025 2538 ita
1045 2474 1269 2538 communiter
1288 2473 1484 2538 Doctores⁴.

408 2591 441 2654 2⁰
460 2589 497 2653 Si
516 2589 657 2653 ctericus
676 2589 854 2652 ordinatus
872 2590 982 2672 suerit
1001 2588 1045 2652 ad
1066 2587 1207 2652 titulum
1226 2588 1375 2673 aliqu'us
1390 2587 1487 2651 hene-

362 2706 446 2788 ficii,
470 2726 535 2768 non
557 2711 668 2788 potest
693 2703 865 2786 resignare
894 2703 955 2766 hoc
981 2703 1198 2785 beneficium,
1221 2702 1286 2766 nisi
1303 2701 1368 2766 sub
1387 2703 1487 2766 certis

362 2817 624 2883 condicionibus.
648 2815 839 2881 Concilium
854 2815 946 2880 euim
961 2814 1067 2894 Trid,
1085 2815 1119 2880 in
1139 2816 1196 2882 cit.
1214 2838 1289 2903 cap.
1312 2815 1399 2881 Cum
1420 2837 1487 2880 non

362 2933 490 3014 (Ieceat,
522 2931 570 2994 sic
598 2930 740 3018 pergit:
770 2957 785 2989 n
811 2929 849 2993 Id
879 2953 960 2995 vero
988 2928 1191 2994 beneficium
1221 2929 1393 3017 resignare
1418 2951 1486 2994 non

362 3047 485 3134 possit,
507 3044 572 3108 nisi
591 3047 683 3128 facta
705 3045 870 3108 mentione
890 3043 983 3128 quod
1002 3044 1046 3107 ad
1061 3043 1154 3108 iltius
1174 3043 1326 3128 beneficii
1346 3043 1486 3108 titutum

361 3162 405 3224 sit
419 3167 600 3245 promotus
607 3176 621 3240 ,·
640 3180 749 3245 neque
769 3181 808 3222 ea
827 3155 1010 3243 resignatio
1030 3156 1240 3238 admittatur,
1262 3157 1328 3222 nisi
1346 3159 1486 3223 constito

362 3275 455 3360 quod
480 3273 618 3337 etiundc
644 3273 751 3336 vivere
776 3271 948 3335 commode
972 3272 1100 3356 possit,·
1119 3277 1153 3336 et
1178 3270 1277 3337 aliter
1295 3271 1383 3338 facta
1407 3272 1486 3336 resi-

362 3389 477 3474 gnatio
508 3387 600 3452 nulla
632 3387 687 3451 sit.
724 3413 739 3446 u
774 3423 815 3436 —
844 3384 959 3464 Unde,
988 3385 1031 3449 ad
1061 3385 1325 3472 resignationem
1356 3385 1487 3473 praefati

363 3501 533 3580 beneficii,
558 3500 625 3564 duo
645 3500 879 3587 requiruntur,
907 3497 971 3563 sub
990 3521 1090 3585 poena
1112 3499 1280 3565 nullitatis
1302 3519 1309 3564 :
1334 3499 1364 3565 1.
1386 3499 1486 3566 Utin

362 3623 440 3680 actu
466 3613 721 3701 resignationis,
748 3613 807 3678 fiat
833 3635 989 3698 expressa
1010 3621 1041 3676 et
1068 3614 1222 3679 absoluta
1244 3615 1367 3679 mentio
1387 3614 1487 3702 hujus

362 3729 458 3810 facti,
481 3729 572 3817 quod
591 3751 712 3816 nempe
733 3727 874 3792 clericus
894 3725 957 3790 suit
971 3725 1148 3792 ordinatus
1168 3727 1211 3792 ad
1229 3728 1367 3793 titulum
1387 3727 1487 3816 hujus

395 3933 403 3965 ¹
425 3930 592 3986 Thesaurus,
609 3933 628 3978 t.
645 3945 675 3987 ιι,
692 3945 718 3991 p.
733 3934 792 3986 213,
809 3933 866 3988 221,
883 3933 938 3987 309,
954 3932 1008 3976 338.

393 4011 403 4043 ²
421 4010 461 4058 De
481 4009 539 4071 ipsa
559 4009 744 4055 controversia
766 4008 799 4055 ct.
821 4007 998 4055 Benedictum
1021 4006 1093 4066 XIV,
1114 4007 1261 4056 Discursus
1282 4007 1437 4066 secretarii,
1460 4009 1489 4056 in

366 4087 513 4144 Thesauro,
530 4088 581 4134 loc.
596 4086 651 4144 cit,
665 4102 690 4148 p.
702 4090 820 4143 214-220;
836 4085 914 4143 lust,
925 4085 1021 4145 XXVI,
1036 4101 1061 4133 ιι.
1077 4089 1131 4144 5-6;
1144 4089 1172 4134 et
1181 4085 1221 4134 De
1235 4085 1348 4148 synodo,
1365 4085 1412 4133 lib.
1426 4085 1489 4145 XII,

363 4183 386 4215 c.
405 4182 442 4224 rx,
459 4183 485 4214 ιι.
500 4169 565 4222 3-6ς
580 4191 610 4199 -
627 4163 746 4227 Riganti,
764 4163 814 4211 loc.
830 4162 885 4220 cit,
902 4167 914 4224 5
929 4167 956 4222 5,
973 4179 1000 4210 ιι.
1014 4167 1107 4222 49-68,
1123 4178 1150 4227 p.
1167 4167 1212 4212 ⁴05
1228 4179 1267 4226 sq.

395 4246 405 4280 ³
421 4245 503 4307 Apud
519 4244 639 4306 Riganti,
656 4245 704 4293 loc.
721 4244 776 4300 cit,
792 4249 804 4304 g
820 4249 845 4304 5,
864 4261 889 4292 n.
903 4251 1003 4304 ³2-33,
1020 4261 1046 4307 p.
1062 4247 1116 4292 iot.

394 4325 404 4356 ⁴
422 4322 543 4384 Riganti,
562 4322 611 4370 loc.
625 4322 680 4380 cit,
697 4337 722 4370 ιι.
739 4325 837 4376 34-35;
856 4351 883 4359 -
901 4323 1007 4380 Lucidi,
1025 4323 1074 4372 loc.
1091 4322 1146 4380 cit,
1163 4337 1189 4370 n.
1207 4327 1260 4370 ³97.
