3294 5054
248 545 291 594 DE
310 543 537 594 ORDINATIONE
557 543 806 594 nesterosonun
825 542 986 593 VOTORUM
1005 541 1199 592 stupuerunt
1241 539 1294 592 41⁹

168 687 228 776 (ut
252 709 370 775 supro,
393 711 428 752 n.
460 685 571 774 164),
594 687 654 750 sed
674 687 715 751 de
739 708 829 750 enno
847 685 980 772 vulgari
1007 685 1183 750 duodecim
1204 709 1294 750 men-

170 786 281 884 sium,·
299 801 413 887 agitur
431 801 522 866 enim
541 801 612 882 hie,
638 823 707 865 non
732 800 773 864 de
798 799 940 880 studiis,
963 799 1023 864 sed
1047 799 1088 864 de
1107 822 1296 866 commore-

171 917 271 1000 tione,
293 922 328 980 et
347 915 484 1003 quidem
504 937 564 1004 per
582 936 711 979 annum
727 914 920 998 inteprum‚·
939 913 1062 978 dicitur
1081 921 1194 978 autem
1213 914 1295 1001 quid

172 1031 357 1115 inteorum,
379 1029 433 1094 eui
452 1028 546 1094 nulla
567 1029 620 1094 sui
639 1051 717 1115 pars
737 1027 863 1092 deest¹.

219 1259 313 1328 182.
326 1298 371 1306 -
383 1258 609 1335 Quaeritur:
630 1258 725 1322 Num
744 1257 876 1321 alumni
897 1257 1061 1342 retipiooi,
1085 1267 1122 1320 ut
1141 1259 1185 1322 ed
1204 1259 1298 1322 ordi-

173 1395 231 1438 nes
253 1373 382 1438 dimitti
406 1374 539 1458 possint
567 1395 587 1436 a
617 1371 853 1457 superioribus
876 1373 963 1454 suis,
991 1374 1210 1457 excorporerr'
1240 1374 1298 1436 de-

172 1489 273 1552 beant
292 1511 311 1552 e
327 1488 471 1572 proprie
486 1487 632 1568 diocesi,
654 1508 776 1573 nempe
795 1485 932 1550 dioecesi
952 1485 1093 1570 originis
1112 1493 1171 1551 eut
1189 1487 1300 1550 domi-

173 1601 253 1666 cilii.

218 1717 317 1801 Resp.
332 1738 345 1780 :
362 1719 393 1780 t.
414 1714 453 1779 In
472 1737 562 1778 nova
581 1713 727 1778 formula
742 1713 879 1794 indulti,
896 1720 975 1799 post
988 1712 1162 1778 decretum
1179 1715 1301 1780 Auctis

175 1830 314 1896 concedi
334 1829 434 1894 solite
453 1829 584 1917 (supra,
608 1852 642 1894 n.
667 1827 783 1915 178),
806 1850 875 1891 non
895 1827 933 1892 tit
953 1828 1082 1892 mentio
1101 1851 1302 1914 excorpora-

175 1945 275 2010 tionis
295 1942 473 2008 ordinandi
487 1965 504 2008 e
517 1942 652 2031 propriu
668 1941 823 2020 dioecesi;
841 1941 931 2006 unde
950 1964 1018 2005 non
1038 1942 1222 2030 requiritur
1230 1943 1302 2008 haec

175 2058 342 2136 condicio,
365 2057 425 2121 sed
445 2056 572 2121 sufficit
595 2063 634 2121 ut
653 2055 812 2120 alumnus
832 2055 984 2143 legitime
1008 2055 1109 2121 fuerit
1127 2056 1302 2143 ingressus

175 2173 384 2250 institutum,
403 2179 437 2236 et
456 2194 517 2259 per
535 2170 780 2258 professionem
797 2169 906 2233 iactus
925 2169 1026 2234 fuerit
1040 2171 1206 2256 superiori
1222 2170 1302 2236 sub-

175 2287 279 2352 ditus.

221 2403 253 2465 2.
277 2399 315 2465 ln
340 2400 516 2466 veteribus
540 2399 699 2478 indultis,
721 2421 843 2486 nempe
866 2407 947 2464 unte
970 2400 1145 2464 decretum
1163 2401 1301 2484 Auctis,

177 2538 268 2602 scope
286 2515 474 2602 imponitur
493 2513 664 2594 condicio,
686 2520 725 2577 ut
744 2512 918 2594 alumnus,
942 2513 985 2578 ed
1009 2513 1145 2578 ordines
1165 2537 1184 2579 e
1204 2537 1304 2602 supe-

177 2630 265 2694 riore
284 2628 520 2709 dimittendus
539 2627 585 2692 sit
603 2627 697 2714 prius
713 2651 731 2692 a
746 2628 881 2714 propria
897 2627 1035 2692 dioecesi
1049 2637 1303 2713 excorporotus.

179 2745 349 2825 Queeritur
386 2765 466 2830 ergo
502 2765 585 2806 num
612 2741 820 2829 superiorem
857 2741 915 2829 qui
943 2741 1053 2806 adhue
1080 2749 1223 2806 utuntur
1252 2742 1306 2807 his

180 2857 337 2939 indultu,
365 2864 556 2935 teneantur,
579 2864 763 2944 antequem
782 2855 938 2920 subditos
957 2855 1133 2921 dimittent
1152 2855 1195 2920 ad
1215 2856 1307 2920 ordi-

180 2995 258 3052 nes,
280 2971 453 3058 requirere
477 2993 593 3035 eorum
617 2969 931 3056 excorporationem
958 2993 976 3034 a
1000 2970 1136 3058 proprio
1155 2969 1303 3036 dioecesi.

178 3123 223 3136 ·-
247 3087 317 3150 Res
347 3107 415 3149 non
443 3091 537 3149 caret
562 3081 778 3163 difficultate3
801 3106 843 3147 ex
872 3105 940 3148 una
967 3084 1057 3147 enim
1085 3089 1198 3172 parte,
1229 3090 1308 3171 post

180 3199 354 3265 decretum
373 3197 508 3280 Auctis,
527 3197 597 3261 haeo
617 3196 772 3262 condicio
788 3197 877 3262 secta
896 3203 949 3261 est
967 3197 1115 3278 inutilis3
1137 3220 1217 3261 nam
1235 3198 1307 3262 hoec

178 3312 333 3378 condicio
361 3311 530 3400 praecipue
556 3309 791 3398 apponebatur
814 3311 848 3374 in
877 3310 1028 3376 favorem
1058 3311 1206 3400 episcopi
1229 3335 1306 3400 pro-

178 3427 256 3515 prii,
268 3449 311 3492 ne
331 3425 462 3490 scilicet
476 3424 604 3490 alumni
624 3425 775 3490 instituti
794 3425 1001 3511 religiosi,in
1021 3425 1127 3490 sacris
1146 3425 1303 3506 ordinati,

179 3553 215 3606 et
237 3547 355 3630 postea
381 3539 423 3604 ab
447 3539 606 3604 instituto
634 3540 763 3625 egressi
791 3539 846 3603 vel
870 3539 1020 3622 dimissi,
1046 3540 1307 3626 regrederentur
1333 3527 1337 3536 ⁸

178 3655 214 3719 in
234 3653 407 3742 propriam
427 3653 612 3734 dioecesim,
637 3651 694 3717 nbi
713 3675 788 3717 esse
812 3660 953 3740 possent
971 3675 1096 3739 magno
1115 3655 1306 3740 gravemini

178 3767 338 3856 episcopo
369 3788 447 3845 suo;
474 3765 550 3847 sed,
581 3773 659 3854 post
690 3765 865 3831 decretum
893 3767 1032 3850 Auctis,
1059 3767 1123 3833 hoc
1151 3791 1220 3832 non
1252 3776 1305 3834 est

177 3879 328 3970 emplius
353 3881 559 3960 timendum;
583 3903 679 3962 nam,
701 3880 735 3943 vi
763 3879 865 3966 hujus
887 3879 1032 3962 decreti,
1055 3881 1184 3946 alumni
1207 3883 1304 3946 insti-

178 3995 244 4061 tuti
266 4001 426 4060 votorum
453 3993 673 4082 simplicium,
696 3994 731 4058 in
758 3995 862 4058 sacris
886 3993 1048 4074 ordinati,
1070 4019 1139 4060 non
1159 4004 1304 4084 possunt

177 4109 326 4197 emplius
346 4108 472 4174 dimitti
491 4131 510 4172 n
530 4131 593 4174 suo
610 4109 781 4188 instituto,
803 4107 870 4172 nisi
889 4131 966 4172 cum
987 4109 1145 4174 maximis
1160 4109 1304 4174 difficul-

211 4281 219 4314 ¹
237 4280 370 4338 Borbosu‚
386 4279 424 4328 De
441 4279 608 4328 dictionibus
624 4278 877 4344 irrrrsrequentibns
892 4280 976 4328 dictio
991 4285 1044 4338 167,
1060 4281 1202 4330 Trnctotus
1218 4283 1301 4342 verit,

179 4359 315 4420 Lugduni,
332 4361 406 4416 toti,
421 4373 447 4422 p.
465 4361 519 4406 tot.
