3316 5052
337 487 381 537 DE
400 485 519 537 DEBITA
539 483 759 536 SUCCESSIONE
777 484 1051 536 REClPlENDOllUM
1070 485 1223 538 ORDlNllll
1291 485 1344 540 285

221 629 434 697 extendenda
452 627 543 694 ultra
562 650 634 693 rem
652 627 763 716 ipsam
786 650 889 716 quam
907 628 1046 717 praecise
1068 630 1268 719 respiciunt,
1287 630 1345 720 jus

222 743 401 809 ordinandi
419 765 488 808 non
507 747 621 832 potest
640 741 778 808 extendi
792 741 835 806 ad
849 741 1138 830 dispensationem
1151 765 1159 826 ;
1176 745 1267 811 unde
1282 768 1345 812 nee

222 860 325 926 etiam
343 865 458 947 potest
476 857 656 946 episcopus
675 855 872 944 dispensare
891 856 1092 922 familiarem
1107 882 1206 924 suum
1221 884 1240 925 a
1255 859 1346 926 dele·

222 981 281 1039 ctu
304 973 484 1039 natalium.
514 971 558 1038 Et
583 971 631 1036 ita
656 970 809 1060 plerique
835 970 1007 1052 doctores,
1034 995 1069 1038 v.
1098 997 1147 1060 g.,
1176 973 1342 1057 Barbosa,

222 1087 365 1168 Hallier,
391 1085 568 1168 Garoias¹,
589 1093 654 1151 etc.
681 1084 762 1168 Hic,
788 1085 934 1171 allegata
958 1085 1129 1151 decisione
1153 1087 1188 1152 S.
1217 1087 1343 1178 Congr.

223 1201 343 1286 Cone,
370 1202 496 1291 excipit
519 1224 636 1268 casum
660 1224 727 1289 quo
751 1201 902 1288 postulet
929 1201 1069 1267 eeclesia
1096 1203 1245 1287 utilitaa‚·
1267 1227 1345 1270 cum

222 1325 336 1384 autem
354 1316 426 1382 haec
445 1315 572 1382 decisio
591 1315 751 1380 afferatur
769 1315 842 1381 sine
861 1315 915 1381 die
934 1321 969 1381 et
987 1315 1078 1398 loco,
1100 1315 1211 1382 dubiae
1231 1324 1346 1384 aucto-

222 1431 332 1497 ritatis
350 1430 435 1495 mihi
452 1429 598 1496 videtur.
615 1428 871 1495 -Notandum
890 1435 1004 1494 tamen
1024 1429 1239 1519 episcopum,
1255 1439 1347 1520 post-

222 1569 324 1635 quam
343 1543 513 1610 ordinavit
532 1543 733 1609 familiarem
751 1566 867 1627 suum,
890 1543 988 1632 cique
1007 1543 1208 1610 beneficium
1228 1553 1347 1612 contu·

221 1659 278 1742 lit,
300 1680 401 1747 posse
419 1657 578 1738 ulterius,
600 1657 731 1723 ratione
750 1656 851 1744 hujus
874 1656 1045 1740 beneficii,
1067 1657 1166 1723 illum
1190 1660 1346 1726 ordinare

222 1780 257 1838 et
285 1771 482 1860 dispensare
510 1769 553 1837 ab
580 1770 790 1854 interstitiis,
822 1770 914 1859 quod
942 1771 1168 1837 clarissimum
1199 1779 1271 1855 est3
1301 1813 1346 1823 —

222 1887 257 1954 d.
284 1885 473 1975 Episcopus
496 1885 714 1951 ordinaturus
737 1884 886 1951 alienum
910 1885 1101 1960 subditum,
1127 1887 1162 1951 vi
1186 1886 1346 1954 dimisso-

162 2037 167 2050 ·
223 2000 351 2065 riarum
375 1997 528 2088 episcopi
548 1999 691 2087 proprii,
721 2022 790 2064 non
818 2005 932 2087 potest
961 1999 1058 2064 illum
1082 1999 1278 2089 dispensare
1303 2001 1346 2068 ab

222 2113 432 2196 interstitiiS,
460 2113 526 2178 nisi
554 2111 598 2178 ab
626 2114 785 2203 episcopo
811 2113 947 2202 proprio
974 2113 1156 2202 specialem
1182 2117 1346 2204 receperit

224 2227 492 2316 delegationem
515 2226 607 2315 quod
624 2227 754 2292 clarum
773 2233 837 2293 est.

267 2343 300 2408 2.
335 2343 464 2408 Praeter
493 2341 706 2430 episcopum,
746 2342 899 2407 Vicariua
929 2341 1128 2428 capitularia
1153 2343 1211 2432 jus
1243 2345 1346 2411 etiam

226 2455 328 2523 habet
346 2455 567 2546 dispensandi
586 2455 741 2522 subditos
760 2455 802 2522 ab
826 2455 1036 2540 interstitiis,
1061 2463 1100 2521 ut
1124 2479 1167 2522 ex
1193 2457 1345 2545 professo

222 2571 334 2637 dicam
353 2571 388 2636 in
407 2571 685 2636 Praetectionihua
704 2572 745 2636 de
765 2571 943 2656 Capitulis.

267 2687 299 2752 3.
326 2685 414 2751 ltem
435 2684 582 2750 vicarius
606 2684 791 2773 generalis,
813 2684 848 2750 vi
872 2685 1025 2750 mandeti
1046 2686 1231 2771 poneretis,
1253 2709 1345 2752 eam-

222 2799 301 2864 dem
320 2798 609 2887 dispensationem
628 2799 811 2865 concedere
835 2805 964 2887 potest,
986 2806 1025 2864 ut
1044 2798 1169 2886 pariter
1188 2823 1249 2864 suo
1269 2800 1344 2867 loeo

223 2913 344 2979 dicam.

267 3027 300 3093 l.
322 3024 443 3104 Quoad
466 3023 622 3092 subditos
642 3025 831 3112 reputares,
853 3025 984 3102 dicetur
1003 3026 1226 3115 opportunius
1245 3027 1343 3110 inira,

223 3162 296 3227 cap.
318 3160 366 3210 11.

267 3255 299 3320 5.
323 3252 443 3333 Quoad
462 3254 642 3320 saeculares
666 3253 821 3322 subditos
840 3253 993 3339 prelatis
1013 3255 1251 3340 inferioribus,
1275 3255 1346 3322 sive

222 3368 381 3452 Nullius,
403 3368 476 3434 sive
494 3390 580 3450 non,
602 3367 810 3455 dispensatio
830 3367 865 3432 in
884 3367 1077 3432 interstitiis
1096 3369 1260 3456 pertinet,
1278 3393 1347 3435 non

223 3482 268 3548 ad
284 3481 459 3571 praelatos,
477 3481 538 3548 sed
556 3482 599 3548 ad
618 3483 810 3569 episcopum
828 3483 1068 3566 dioeceaanum,
1086 3487 1144 3547 aut
1160 3482 1207 3571 (si
1227 3491 1347 3571 agatur

224 3597 266 3662 de
289 3596 430 3685 prealato
453 3595 611 3684 Nullius)
637 3597 909 3670 viciniorem.,-
932 3595 1032 3662 Ratio
1057 3603 1109 3661 est
1133 3597 1211 3684 quia
1235 3604 1347 3664 totum

223 3710 400 3798 negotium
423 3709 645 3776 ordinationis
668 3710 790 3775 horum
815 3709 1027 3776 subditorum
1050 3711 1271 3777 commissum
1295 3719 1347 3778 est

225 3823 407 3891 aconcilio
425 3823 623 3890 Tridentino
643 3825 721 3890 huic
741 3825 916 3913 episcope,
938 3831 978 3890 ut
1001 3847 1103 3912 supra
1127 3824 1344 3908 dictumest,

256 4053 265 4088 ¹
283 4051 417 4110 Ber-bosa,
436 4050 475 4100 De
494 4051 581 4116 officio
600 4053 627 4100 et
648 4053 782 4116 potestate
800 4051 932 4116 episcopi,
953 4052 1030 4114 alleg.
1051 4056 1078 4111 5,
1099 4067 1125 4102 n.
1146 4055 1188 4112 14,
1210 4051 1346 4116 Lugduni,

225 4135 295 4190 1641,
311 4134 331 4179 t.
347 4145 365 4190 1,
380 4145 407 4193 p.
418 4135 477 4190 213;
494 4157 522 4166 -
538 4129 649 4190 Hallicr,
665 4135 735 4194 part.
748 4129 781 4190 11,
797 4134 864 4180 sect.
876 4146 901 4191 v,
917 4145 941 4180 c.
953 4145 990 4190 m,
1006 4134 1057 4180 art.
1070 4137 1092 4190 t,
1108 4147 1134 4179 n.
1151 4135 1178 4190 t;
1194 4131 1236 4180 ed.
1247 4131 1346 4194 Migne,

225 4209 278 4260 eol.
291 4211 349 4270 ⁹843
364 4235 396 4246 -
410 4207 535 4269 Garoias,
550 4208 588 4258 De
602 4207 755 4274 beneficiis,
771 4213 841 4272 part.
856 4209 890 4269 ll,
905 4224 929 4260 c.
945 4224 971 4269 v,
987 4223 1013 4259 n.
1029 4213 1119 4270 86-87,
1135 4209 1253 4258 Coloniae
1267 4210 1346 4260 Allo-

226 4289 353 4352 brogum,
369 4291 444 4349 16³0,
460 4288 480 4336 t.
496 4303 517 4348 ι,
532 4301 560 4351 p.
573 4291 628 4338 12⁶.
