3238 5052
361 514 413 567 aaa
700 519 743 568 DE
763 519 893 569 arsinus
911 521 1148 572 ORDINATlONlS

361 663 455 727 scuto
479 663 577 748 cujus
602 661 724 726 titulus
748 664 788 726 ln
809 664 972 727 articulos
990 665 1070 748 fidei
1089 675 1120 728 et
1140 675 1348 730 sacramenta
1370 668 1484 730 Eccle-

359 778 415 840 sia
434 778 608 862 erpositio.
626 784 714 864 part.
738 775 781 850 ll,
799 777 887 841 circa
901 777 1004 842 tinem
1022 797 1029 842 :
1048 807 1063 838 ι(
1087 779 1230 844 Materia
1250 787 1363 845 autem
1383 782 1483 869 hujus

360 892 563 956 sacramenti
584 897 636 956 est
655 890 739 955 illud
761 891 947 970 materiale,
970 915 1029 979 per
1049 891 1146 980 cujus
1166 894 1382 958 traditionem
1402 919 1482 959 con-

359 1004 466 1070 fertur
494 1005 588 1081 ordo,
612 1006 697 1071 sicut
722 1006 983 1091 presbyteratus
1013 1007 1165 1072 traditur
1187 1030 1252 1092 per
1271 1009 1479 1073 collationem

358 1121 511 1186 calicia...
535 1121 657 1185 Forma
674 1127 788 1184 autem
809 1121 911 1207 hujus
936 1123 1138 1186 sacramenti
1158 1130 1209 1186 est
1229 1123 1307 1187 talis
1331 1143 1337 1188 :
1359 1125 1482 1208 Accipe

354 1243 556 1320 potestatem
583 1237 748 1320 offerendi
773 1237 978 1319 sacrificium
1008 1237 1042 1300 io
1069 1237 1217 1301 Ecclesia
1242 1261 1303 1324 pro
1331 1238 1420 1301 vivis
1449 1247 1481 1302 et

358 1350 501 1414 mortuis
514 1353 536 1414 ¹.
555 1377 569 1408 ιι
589 1349 639 1414 lta
659 1351 761 1414 ctiam
783 1351 964 1414 Durandus
985 1373 1004 1414 a
1023 1349 1057 1415 S.
1081 1351 1261 1432 Porciam,
1282 1352 1481 1416 Dominicus

357 1461 438 1528 Soto
477 1465 549 1551 (qui
586 1471 733 1528 testatur
770 1465 855 1528 hanc
893 1463 1087 1550 opinionem
1125 1489 1199 1530 esse
1237 1476 1479 1547 communem).

357 1578 484 1651 listina.
508 1579 631 1664 Nugno
646 1583 668 1659 ²,
691 1586 723 1642 et
748 1577 862 1664 plures
882 1577 939 1642 alii
959 1601 1045 1664 quos
1065 1579 1100 1643 hi
1118 1602 1179 1666 pro
1199 1603 1234 1644 se
1255 1580 1415 1666 allegant.
1438 1618 1482 1629 —

355 1692 569 1777 Argumenta
589 1699 701 1756 autem
723 1699 803 1756 sunt
826 1711 833 1755 :

401 1805 435 1868 10
462 1805 538 1894 Ipse
568 1809 655 1870 ritus
680 1806 792 1892 qualis
817 1805 1019 1870 describitur
1044 1807 1076 1870 in
1102 1807 1294 1891 I’ontificali
1320 1829 1481 1878 ronzano:

353 1943 430 1984 cum
455 1921 545 1983 enirn
570 1919 738 2008 pontifex,
762 1919 900 1983 tradens
925 1919 1112 1984 ordinando
1137 1920 1276 1985 calicem
1300 1945 1377 1985 eum
1397 1923 1478 1987 vino

352 2041 385 2098 et
406 2040 564 2120 patenam
581 2055 658 2097 cum
677 2033 800 2112 hostia,
818 2023 848 2096 ci
868 2031 979 2097 dicat:
996 2033 1120 2118 Accipe
1135 2042 1336 2118 potestatem
1356 2039 1480 2118 offerre

351 2149 573 2231 sacrificium.
603 2155 683 2218 etc..
710 2147 878 2234 proiecto.
901 2147 967 2210 nisi
1001 2147 1152 2211 dicamus
1181 2147 1239 2212 illa
1269 2147 1372 2214 verba
1403 2173 1478 2212 esse

352 2285 439 2325 sana
463 2269 522 2326 aut
546 2261 697 2342 fallacia,
720 2285 759 2324 eo
789 2261 952 2349 temporis
982 2269 1154 2325 momento
1181 2263 1300 2349 recipit
1320 2263 1480 2326 ordinan—

351 2375 415 2439 dus
439 2383 646 2462 potestatem
671 2375 835 2440 offerendi
855 2375 1057 2440 sacrificium
1085 2376 1208 2441 missae.
1231 2413 1276 2426 -
1299 2377 1368 2441 Nec
1388 2377 1478 2442 dica-

352 2497 406 2555 tur
434 2513 475 2554 ex
502 2491 621 2554 eodem
655 2491 721 2554 ritu
747 2489 972 2554 demonstrari
1001 2489 1102 2554 etiam
1130 2490 1381 2576 impositionem
1409 2515 1480 2555 ma-

350 2627 457 2669 nuum
477 2627 552 2692 qua*
571 2605 610 2668 lit
630 2603 663 2667 in
685 2605 750 2667 linc
770 2603 994 2668 ordinationis
1014 2627 1091 2668 cum
1119 2603 1171 2667 his
1190 2603 1327 2670 verbis:
1354 2605 1480 2691 Accipe

350 2718 521 2804 Spiritum
540 2720 716 2798 Sanctum,
730 2741 879 2803 quorum
901 2719 1086 2800 remiseris,
1105 2725 1183 2798 etc..
1207 2741 1281 2783 esse
1301 2720 1480 2784 materiam

382 2857 390 2890 ¹
409 2856 439 2904 T.
457 2873 516 2904 sm.
538 2857 583 2904 cit.
605 2856 679 2904 cdit..
707 2871 732 2917 p.
754 2860 791 2904 st.
807 2882 838 2891 —
854 2855 914 2904 Diri
936 2860 1039 2905 tamen.
1062 2859 1089 2904 ut
1110 2855 1232 2906 ridetur:
1253 2873 1329 2914 nam,
1345 2859 1391 2906 eit.
1408 2860 1479 2906 loce».

350 2937 413 2984 dist.
433 2935 530 2994 XXIV,
551 2939 601 2982 art.
622 2940 649 2983 3.
672 2935 697 2982 5.
719 2935 831 2987 Doctor.
852 2935 965 2996 loquens
984 2935 1018 2982 de
1038 2935 1126 2996 priore
1142 2935 1315 2997 impositione
1335 2951 1478 2986 manuum.

350 3015 409 3061 ait:
432 3035 442 3055 ιι
461 3014 512 3060 Per
533 3029 628 3060 mamis
650 3013 852 3074 impositionem
875 3013 956 3061 datur
973 3012 1118 3076 plenitudo
1139 3013 1250 3077 pratia.
1273 3030 1422 3077 perquam
1445 3017 1479 3062 ad

351 3107 446 3153 magna
475 3093 562 3139 officia
592 3093 645 3139 sint
675 3093 777 3140 idonci:
794 3111 804 3130 »ι
830 3091 875 3138 ubi
902 3091 1010 3139 videtur
1037 3091 1134 3140 docere
1164 3093 1245 3140 otiam
1275 3093 1477 3154 impositionem

351 3186 478 3220 manuum
499 3185 558 3217 csse
578 3170 716 3217 materiam
739 3169 878 3230 partialem
899 3169 1069 3217 sacramenti.
1089 3170 1155 3216 Cum
1177 3175 1266 3218 tamen
1287 3171 1388 3218 ibidem
1409 3173 1478 3220 hanc

352 3250 553 3311 impositionem
577 3264 628 3295 non
654 3247 752 3294 habeat
780 3247 829 3294 nisi
852 3253 882 3295 ut
905 3247 1148 3309 praeparationem,
1172 3250 1258 3296 instar
1282 3251 1431 3300 unctionis.
1451 3255 1479 3297 et

351 3329 471 3378 aliunde.
492 3327 569 3388 juxta
590 3341 696 3376 omncs.
717 3327 857 3373 character
872 3329 899 3372 ct
917 3326 1002 3386 gratia
1022 3326 1101 3372 simul
1124 3327 1312 3376 infundantur.
1332 3329 1477 3376 dicendum

352 3407 466 3454 videtur.
480 3407 558 3468 juxta
575 3409 692 3452 mentem
709 3405 741 3451 D.
754 3403 873 3454 Thonuc.
891 3404 959 3450 lianc
975 3405 1172 3466 plenitudinem
1188 3406 1282 3467 gratier
1297 3421 1350 3454 non
1365 3408 1479 3468 produci

352 3500 384 3533 ex
404 3499 482 3546 opere
503 3485 613 3545 ‹perciti›
634 3484 659 3529 vi
682 3483 767 3544 ipsius
786 3483 969 3544 impositionis
991 3497 1131 3534 manuum.
1153 3484 1199 3532 sed
1220 3487 1325 3532 tantum
1345 3500 1378 3532 ex
1397 3500 1479 3548 opere

352 3561 490 3626 operantis
511 3561 650 3616 Ecclesiam
672 3562 707 3608 ita
728 3561 856 3622 intelligit
875 3576 936 3608 cum
958 3561 1092 3623 vasquez,
1114 3563 1173 3608 loco
1196 3563 1265 3610 intra
1287 3563 1411 3614 citando:
1432 3565 1479 3612 atii

352 3643 431 3690 aliter
446 3641 478 3688 D.
491 3641 623 3687 Thomam
639 3639 787 3702 explicant,
799 3639 920 3686 dicentes
935 3654 1040 3701 nempe,
1049 3639 1128 3701 juxta
1138 3639 1171 3688 D.
1184 3640 1328 3695 Tlromam.
1340 3643 1479 3690 characte-

352 3725 447 3768 reniet
462 3719 574 3780 gratiam
591 3718 735 3779 separatim
752 3718 878 3778 produci;
894 3719 927 3766 cf.
945 3719 1026 3766 etiam
1040 3717 1145 3780 Suppt..
1162 3724 1232 3781 part.
1248 3719 1299 3778 111,
1317 3737 1342 3783 q.
1364 3736 1475 3770 xxxrm.

352 3802 402 3846 art.
428 3803 454 3849 t.
480 3798 514 3844 ad
538 3803 560 3845 1.
588 3797 627 3845 lta
652 3797 685 3844 D.
708 3797 839 3843 Thomam
867 3797 977 3859 eapemit
1000 3798 1148 3849 Arcadius.
1173 3797 1211 3846 De
1235 3799 1378 3848 concordia
1403 3800 1476 3848 Ecct.

354 3876 454 3934 acciu..
475 3880 537 3934 etr..
558 3892 583 3937 p.
602 3881 655 3923 533.
677 3875 756 3923 Dom.
774 3873 852 3928 Soto,
874 3875 933 3924 loco
954 3875 1022 3924 infra
1042 3877 1098 3932 cit..
1119 3876 1186 3926 dicit
1205 3893 1234 3925 se
1253 3893 1307 3926 non
1327 3879 1477 3940 intelligere

352 3957 423 4003 hunc
438 3957 526 4002 locum
542 3954 569 4002 S.
585 3955 722 4002 Ductoris.

383 4035 395 4068 ²
409 4034 562 4092 DuranduS,
580 4033 610 4080 ln
624 4033 707 4090 Sent,
723 4032 771 4080 lib.
786 4031 831 4090 lv.
844 4033 907 4080 dist.
923 4033 1019 4090 XXIV,
1036 4049 1062 4095 q.
1080 4051 1119 4085 ιιι.
1136 4035 1168 4082 ad
1185 4041 1206 4093 2,
1221 4037 1263 4084 ed.
1277 4035 1392 4087 Parisiis.
1406 4039 1475 4092 isso,

351 4113 490 4170 foliosis,
507 4125 599 4171 verso;
617 4139 643 4146 -
661 4111 740 4168 Soto,
754 4111 783 4158 lu
797 4111 835 4158 IV
847 4111 930 4168 Sent,
947 4111 1010 4160 dist.
1027 4111 1124 4168 xxiv,
1141 4129 1166 4175 q.
1184 4130 1204 4168 ι,
1220 4119 1270 4163 art.
1287 4119 1314 4171 t,
1331 4112 1477 4163 Conclusio

351 4191 461 4256 quinta,
478 4191 577 4250 Bassi,
596 4195 668 4246 1613,
685 4206 710 4253 p.
728 4193 786 4249 5⁸ss
805 4217 830 4224 -
846 4189 941 4248 listins,
954 4189 984 4237 ln
999 4190 1081 4246 Sent,
1099 4191 1145 4239 lib.
1158 4189 1204 4249 lv.
1220 4192 1283 4242 dist.
1295 4192 1392 4248 XXIV,
1408 4197 1420 4251 ξ
1435 4196 1474 4241 at.

352 4269 474 4327 Parisiis,
496 4275 569 4326 1696,
598 4273 616 4318 t.
642 4284 683 4327 m,
710 4284 735 4331 p.
761 4273 819 4326 3123
846 4295 872 4304 -
898 4269 1007 4331 Nugno,
1032 4269 1065 4316 In
1090 4268 1132 4316 lli
1150 4272 1223 4332 part.
1247 4269 1277 4319 D.
1302 4271 1349 4319 Tlr.
1369 4271 1475 4334 Suppt..

351 4363 377 4408 q.
394 4362 496 4394 xxxrn.
513 4351 563 4394 art.
581 4353 607 4404 5,
624 4347 742 4394 Coloniae
759 4347 1013 4408 Agri1›pinae.roso,
1030 4350 1099 4407 part.
1115 4347 1151 4404 11,
1168 4364 1193 4410 p.
1208 4351 1261 4396 673.
