3316 5052
452 469 497 519 DE
516 467 779 529 praesummus
798 467 843 517 Ab
862 465 1117 518 ORDleTIONEM
1295 468 1348 522 ³47

216 634 324 699 quam
354 611 457 676 aliam
478 612 765 677 sustentationem
784 610 923 690 habeat,
946 610 1007 675 sed
1025 633 1104 676 cum
1124 612 1257 678 licemie
1277 616 1348 700 epi-

216 727 326 810 scopi,
344 725 459 790 valida
478 726 617 814 quidem
641 734 694 792 est
718 725 878 791 alienatio
899 723 1007 812 (hunc
1031 726 1122 789 enim
1141 749 1258 792 casum
1277 751 1347 794 non

218 839 358 926 respicit
377 838 600 928 concilium),
623 840 684 904 sed
701 839 821 927 utique
845 861 899 903 res
922 839 1041 903 recidit
1060 839 1093 903 in
1117 863 1234 905 casum
1258 842 1347 906 ordi-

219 953 370 1018 nationis
395 953 493 1019 factae
522 955 669 1020 scienter
700 952 742 1018 ab
768 953 926 1040 episcopo
953 954 1026 1018 sine
1057 953 1174 1035 titulo,
1206 955 1248 1020 de
1279 979 1346 1044 quo

218 1089 303 1132 casu
321 1066 502 1132 dicendum
521 1077 590 1149 est,
622 1075 662 1134 ut
684 1067 789 1148 infra,
814 1090 850 1132 n.
879 1067 980 1152 1513
1000 1105 1044 1116 —
1068 1069 1100 1134 3.
1129 1068 1166 1134 Si
1184 1068 1346 1156 praeiatus

214 1180 395 1246 ordinatus
414 1181 540 1248 alienet
558 1182 801 1269 patrimonium
825 1203 960 1246 sacrum
985 1181 1057 1246 sine
1081 1181 1219 1270 quidem
1242 1183 1346 1250 licen-

218 1295 266 1359 tia
286 1295 453 1383 episcopi,
480 1296 540 1360 sed
564 1303 747 1384 postquam
770 1295 915 1383 adeptus
938 1301 990 1360 est
1009 1295 1102 1360 aliud
1125 1298 1346 1363 sustentatio-

217 1407 272 1471 nis
290 1408 453 1490 medium,
474 1433 509 1474 v.
531 1431 580 1496 g.,
601 1409 805 1474 beneficium
824 1408 1007 1490 sufficiens,
1029 1408 1244 1496 pensionem,
1262 1419 1341 1494 etc.,

217 1520 330 1586 valide
359 1523 496 1610 quidem
526 1522 612 1608 agit,
642 1529 682 1587 ut
709 1522 867 1588 concludi
893 1544 995 1610 posse
1025 1522 1161 1588 videtur
1184 1546 1227 1589 ex
1249 1531 1345 1590 textu

212 1635 365 1716 concilii,
386 1635 422 1700 in
441 1659 510 1724 quo
528 1637 695 1724 particula
713 1637 817 1701 donec
835 1635 961 1701 limitat
979 1641 1115 1722 tempus
1139 1637 1344 1703 Tridentinae

215 1749 420 1831 sanctionis3
452 1750 512 1814 sed
537 1750 655 1816 illicite
682 1751 768 1837 agit,
791 1751 870 1838 quia
890 1751 1001 1837 agitur
1025 1751 1067 1816 de
1086 1751 1187 1816 titulo
1210 1753 1344 1818 ordina·

216 1861 336 1941 tionis,
359 1862 400 1928 de
432 1864 528 1952 cujus
553 1865 733 1930 existentia
758 1863 1020 1931 etsufficientia
1045 1865 1139 1930 solus
1169 1865 1343 1954 legitimus

209 1975 320 2062 judex
344 1983 397 2042 est
420 1977 615 2064 episcopus;
637 1978 745 2058 unde,
767 1977 870 2042 etiam
890 1978 926 2042 in
954 1977 1017 2042 boc
1042 2001 1138 2060 casu,
1161 1979 1344 2067 requiritur

212 2089 290 2175 ejus
320 2088 475 2168 licentia,
498 2097 532 2155 et
560 2091 760 2176 subropatio
788 2090 831 2156 ab
865 2113 904 2155 eo
942 2090 1030 2156 lacta
1059 2093 1139 2156 novi
1167 2079 1273 2173 tituli,
1307 2094 1342 2157 in

215 2201 331 2266 locum
349 2201 488 2271 alienati
507 2204 718 2292 patrimonii3
741 2205 842 2269 etita
866 2203 931 2270 fert
945 2205 1220 2293 jurisprudentia.
1232 2205 1342 2270 Curiae

215 2315 379 2380 Romanae
393 2319 419 2394 ¹3
437 2353 480 2366 -
495 2317 526 2381 4.
550 2316 619 2382 Sub
639 2317 775 2382 nomine
790 2318 1002 2382 alienationis
1021 2318 1224 2406 intelligitur
1238 2319 1341 2384 etiam

209 2430 443 2512 permutatio,
474 2453 549 2517 quae
586 2430 728 2517 proinde
757 2430 926 2518 prohibita
960 2432 1089 2496 censeri
1122 2430 1223 2498 debet
1253 2433 1342 2498 sicut

216 2543 363 2606 venditio
370 2561 385 2626 ,¹
416 2549 583 2624 attamen,
620 2544 649 2608 si
680 2567 813 2608 sacrum
848 2545 1090 2631 patrimonium
1118 2547 1341 2612 constitutum

212 2654 262 2720 sit
279 2655 314 2718 in
334 2656 444 2720 titulis
468 2679 632 2721 censuum
651 2656 880 2745 publicorum,
903 2659 957 2724 vel
984 2657 1246 2746 obligationum,
1273 2666 1338 2724 etc.

214 2768 332 2857 (titres
351 2771 392 2834 de
412 2779 505 2834 rente
523 2793 585 2835 sur
608 2755 731 2854 l’Etat,
753 2771 1009 2856 d’oblipations,
1033 2773 1133 2861 etc),
1155 2779 1190 2836 et
1209 2771 1342 2836 ordina·

215 2889 283 2965 tue,
304 2881 430 2950 bonam
456 2891 576 2950 nactus
602 2885 830 2966 occasionem,
852 2886 923 2951 suis
950 2887 1058 2952 titulis
1084 2887 1238 2951 meliores
1260 2885 1341 2951 sub·

211 2997 351 3078 stituat,
378 2997 432 3062 hic
460 3021 527 3062 non
558 2999 689 3064 dicetur
717 2999 899 3080 alienasse,
930 3001 991 3065 sed
1018 3001 1131 3088 potius
1158 3000 1342 3088 prudenter

214 3132 285 3174 rem
306 3134 403 3176 suam
423 3113 666 3177 oeconomicam
685 3112 958 3194 administrasse;
980 3115 1083 3194 unde,
1108 3114 1143 3178 ni
1163 3113 1277 3197 fallor,
1298 3114 1342 3180 ad

213 3223 280 3288 boc
299 3247 367 3288 non
386 3224 500 3312 egebit
520 3225 658 3291 licentia
677 3227 839 3316 episcopi.

262 3452 358 3521 142.
382 3453 601 3523 -Titulus
620 3455 839 3542 pensionis.
860 3455 964 3521 -Ut
982 3463 1077 3543 patet
1096 3479 1139 3522 ex
1158 3458 1217 3524 cit.
1240 3481 1343 3546 supra

213 3568 265 3653 (n.
290 3567 385 3653 138,
410 3567 509 3656 141)
530 3591 625 3634 conc.
648 3568 740 3634 Trid.
775 3592 849 3655 cap.
871 3569 961 3634 Cum
977 3593 1054 3638 ,non
1073 3572 1201 3656 deceat,
1231 3571 1350 3664 conci-⁵

214 3679 301 3744 lium
320 3680 440 3746 eodem
463 3677 572 3768 gradu
591 3682 703 3770 ponit,
728 3683 765 3746 in
783 3705 819 3746 re
845 3682 888 3748 de
914 3706 982 3771 qula
1009 3685 1158 3771 agimuS,
1180 3687 1344 3773 patrimo-

102 3842 106 3852 .
213 3794 312 3860 nium
327 3801 366 3860 et
375 3797 583 3881 pensionem.
599 3796 657 3865 De
676 3819 743 3884 qua
758 3797 919 3882 pensione
938 3797 1010 3862 haec
1029 3798 1196 3865 dicenda:

247 3963 258 3995 ¹
275 3962 316 4012 lta
332 3964 433 4026 pluries
449 3963 475 4012 S.
490 3965 587 4028 Congr.
604 3965 730 4026 Concilii,
746 3967 819 4028 apud
834 3967 992 4026 Monacelli,
1008 3967 1226 4026 Formulnrium,
1243 3970 1286 4018 tit.
1302 3985 1343 4028 m,

216 4041 346 4099 tornelli,
362 4057 387 4090 n.
401 4049 428 4100 2,
447 4043 548 4102 Romen,
564 4048 634 4101 1113,
651 4047 671 4093 1.
688 4060 704 4102 1,
719 4059 745 4106 p.
760 4049 802 4104 70;
820 4045 862 4093 tit.
875 4060 934 4105 xm,
951 4046 1029 4094 form.
1041 4053 1064 4104 3,
1078 4062 1104 4095 n.
1121 4053 1163 4107 18,
1182 4051 1201 4097 1.
1217 4063 1244 4108 ιι,
1261 4063 1288 4110 ρ,
1300 4053 1342 4106 71;

214 4147 246 4156 ·-
263 4119 370 4178 Lucidi‚
388 4119 437 4168 loc.
457 4121 514 4180 cit,
531 4137 556 4170 n.
576 4125 634 4179 122,
651 4137 677 4184 p.
693 4126 747 4170 4⁵9.
762 4149 792 4158 -
809 4121 848 4170 lte
863 4124 944 4172 etiam
960 4124 986 4172 S.
1006 4124 1102 4187 Congr.
1121 4127 1154 4174 de
1170 4127 1250 4189 Prop.
1266 4126 1343 4184 Fide,

214 4199 243 4245 in
259 4197 444 4248 instructione
463 4198 496 4248 de
516 4198 596 4248 titulo
615 4199 640 4247 S.
659 4199 856 4258 ordinationis,
877 4217 905 4250 n.
926 4207 968 4261 11,
991 4203 1206 4262 Collectnnea...,
1228 4221 1253 4253 n.
1270 4209 1344 4262 1179,

215 4290 243 4338 p.
260 4278 315 4334 402,
331 4277 374 4325 vel
390 4277 424 4324 ad
438 4277 540 4325 calcem
556 4277 636 4340 hujus
652 4277 806 4336 voluminis,
822 4279 1018 4328 Documentum
1035 4281 1084 4330 111.
