3248 5052
320 463 372 516 628
676 465 719 514 DE
738 465 843 514 sacua
863 467 1089 518 onntsartonu

321 615 467 666 tenentur
479 607 565 686 prius
576 606 790 688 juramentum
801 608 954 681 emittere,
964 630 1027 690 quo
1043 610 1216 690 spondeant
1230 613 1379 687 missioni,
1392 616 1441 674 eui

320 704 465 762 destinati
481 711 554 762 sunt
565 703 612 761 vel
624 703 875 776 destinabantur,
887 725 919 764 se
933 705 999 764 lore
1015 715 1197 786 perpetuam
1213 727 1338 787 operam
1352 710 1441 770 datu-

319 819 387 872 ros;
405 799 488 880 quod
506 799 631 880 quidem
648 800 686 858 ab
705 800 741 858 iis
756 801 809 880 qui
825 800 883 860 hoc
899 799 991 860 titulo
1011 802 1071 861 lrui
1087 804 1212 875 volunt,
1230 805 1261 864 S.
1280 805 1389 879 Sedes,
1407 815 1440 866 ut

319 897 517 968 missionum,
534 917 665 977 quarum
682 897 857 977 sumptibus
877 897 920 956 illi
941 899 1082 968 aluntur,
1102 901 1228 959 servitio
1248 902 1438 974 consuleret,

318 994 440 1070 exigere
456 999 635 1052 constanter
649 993 822 1052 consuevit.
838 994 919 1054 Huic
930 995 1125 1055 instructioni
1137 995 1331 1057 subnectitur
1341 999 1438 1058 lorma

318 1090 406 1148 istius
423 1089 592 1170 juramenti
609 1089 796 1170 jampridem
817 1090 988 1170 approbata
1008 1113 1128 1173 usuque
1148 1101 1288 1174 recepta,
1309 1115 1440 1175 eamque

318 1187 356 1246 ab
372 1186 516 1244 omnibus
532 1185 741 1265 usurpandam
757 1207 834 1258 esse,
850 1195 885 1246 ut
900 1188 1095 1248 uniformitas
1111 1189 1168 1248 hac
1183 1210 1277 1269 super
1291 1212 1324 1250 re
1338 1212 1439 1251 serve-

319 1291 379 1360 tur,
394 1283 521 1341 omnino
536 1282 677 1362 praecipit
692 1283 722 1343 S.
741 1281 959 1361 Congregati0.

357 1383 386 1440 9.
406 1381 538 1438 Necesse
554 1399 616 1436 non
632 1385 679 1438 est
695 1379 796 1458 utqui
812 1378 850 1438 ad
866 1400 969 1439 sacros
985 1379 1108 1439 ordines
1123 1381 1181 1440 hoe
1197 1383 1289 1441 titulo
1304 1383 1438 1443 evehen-

317 1477 375 1536 dus
395 1483 456 1548 est,
479 1474 641 1534 actualiter
661 1475 692 1533 in
712 1475 856 1534 missione
876 1483 1027 1550 versetur,
1050 1476 1103 1536 sed
1124 1477 1237 1536 sufficit
1256 1486 1291 1538 ut
1311 1488 1438 1560 paratus

316 1575 355 1633 sit
375 1572 413 1632 ad
434 1572 595 1630 missiones
614 1571 789 1644 obeundas,
804 1572 929 1651 quando
949 1580 981 1633 et
996 1573 1153 1653 quomodo
1171 1575 1347 1654 superiores
1367 1597 1436 1636 eum

316 1668 501 1728 mittendum
517 1668 695 1726 censuerint
708 1689 743 1726 ae
758 1668 801 1726 ire
813 1667 955 1748 jubeant.

358 1770 404 1826 10.
434 1765 482 1823 Eis
502 1765 555 1844 qui
576 1764 634 1822 boc
659 1763 751 1822 titulo
775 1771 847 1823 sunt
868 1764 1018 1836 ordinati,
1044 1766 1074 1823 vi
1100 1766 1229 1844 praestiti
1250 1766 1436 1847 juramenti,

315 1862 511 1922 interdicitur
530 1861 560 1918 in
582 1861 762 1938 religionem
790 1860 909 1938 ingredi
934 1861 1050 1942 absque
1075 1862 1164 1922 venia
1187 1863 1218 1922 S.
1239 1863 1344 1938 Scdis3
1370 1865 1437 1945 ejus

314 1979 448 2039 namque
467 1957 586 2039 judicio
608 1963 799 2016 reservatum
820 1963 882 2028 est,
904 1957 1020 2036 praevia
1036 1957 1190 2017 Ordinarii
1211 1959 1260 2018 cui
1281 1959 1435 2031 intererit,

314 2056 478 2125 relatione,
499 2053 639 2133 judicare
663 2059 766 2112 utrum
792 2053 990 2126 missionum,
1014 2074 1145 2134 quarum
1170 2055 1297 2114 servitio
1319 2057 1339 2114 ii
1365 2065 1437 2116 sunt

313 2152 445 2222 addicti,
464 2150 630 2209 necessitas
650 2149 679 2208 id
701 2149 848 2228 patiatur.
866 2149 990 2209 Scilicet
1005 2149 1165 2230 publicum
1181 2151 1298 2211 bonum
1314 2153 1436 2232 privato

314 2247 479 2308 antecellat
498 2253 632 2326 oportet,
649 2266 684 2304 ea
704 2245 849 2304 nimirum
866 2245 997 2319 ratione,
1015 2267 1075 2326 qua
1095 2245 1251 2327 aliquibus
1267 2249 1435 2308 Ordinibus

311 2364 494 2404 concessum
515 2351 577 2414 est,
599 2363 636 2401 ne
657 2362 764 2400 eorum
785 2341 936 2419 religiosis
956 2342 995 2402 ad
1014 2344 1193 2416 arctiorem,
1218 2345 1284 2404 sine
1308 2366 1433 2404 suorum

313 2441 508 2521 superiorum
525 2439 664 2510 licentia,
683 2438 814 2498 transire
830 2437 875 2498 las
890 2439 940 2497 sit.
1397 2505 1402 2516 ¹

354 2541 399 2596 tt.
423 2535 691 2604 Quemadmodum
716 2533 767 2594 alii
793 2533 891 2607 tituli,
912 2535 956 2594 ita
980 2535 1073 2594 etiarn
1097 2535 1148 2596 hic
1172 2535 1210 2596 de
1234 2557 1296 2618 quo
1320 2539 1433 2616 agitur,

310 2635 397 2716 juxta
426 2632 590 2691 canonicas
617 2631 809 2703 sanctiones,
836 2631 937 2690 amitti
961 2639 1064 2712 potest
1088 2639 1182 2712 atque
1204 2632 1243 2693 ab
1265 2633 1434 2693 Ordinariis

311 2729 437 2801 aulerri,
455 2729 493 2787 de
509 2748 662 2787 consensu
678 2732 782 2786 tamen
793 2728 824 2786 S.
838 2725 1107 2806 Congregationis,
1125 2729 1215 2810 cujus
1230 2737 1278 2790 est
1292 2727 1435 2790 sic'ordi·

311 2835 400 2886 natos
426 2825 555 2906 praestiti
583 2823 752 2904 juramenti
779 2822 905 2883 vinculo
937 2823 1107 2884 exsolvere.
1136 2825 1225 2893 Quod
1254 2827 1295 2899 si,
1321 2827 1434 2885 amisso

312 2923 403 2983 titulo
423 2921 593 3001 generatim
614 2920 778 2979 autetiam
798 2919 890 2979 titulo
907 2920 1075 2994 missionis,
1095 2920 1174 2980 alter
1193 2922 1221 2981 ei
1241 2942 1302 2981 non
1322 2922 1435 2982 substi-

310 3027 426 3090 tuatur,
440 3017 584 3077 sacerdos
597 3015 680 3075 haud
692 3022 854 3096 propterea
866 3023 1005 3075 remanet
1016 3036 1201 3097 suspensus;
1214 3017 1267 3077 sed
1279 3017 1434 3078 Ordinarii

310 3123 455 3176 tenentur
470 3112 657 3194 compellere
676 3111 835 3171 ordinatos
855 3111 893 3170 ad
913 3112 1040 3172 alterius
1061 3113 1142 3172 tituli
1163 3113 1432 3192 subrogationem,

309 3219 403 3292 prout
419 3210 513 3270 sacris
533 3209 703 3268 canonibus
719 3207 896 3267 consultum
912 3215 969 3268 est.
988 3207 1023 3267 ld
1040 3229 1125 3268 sacra
1142 3209 1209 3269 haec
1225 3209 1434 3290 Congregatio

311 3309 342 3368 in
358 3305 554 3388 generalibus
569 3305 703 3364 comitiis
717 3303 766 3363 die
784 3309 795 3362 l
813 3304 997 3384 septembris
1016 3305 1092 3365 1856
1106 3305 1285 3366 declaravit.

351 3409 396 3464 12.
421 3403 542 3463 Pariter
566 3401 743 3460 sacerdotes
766 3400 938 3480 regulares,
964 3402 1017 3481 qui
1042 3411 1115 3462 vota
1140 3403 1289 3463 solemnia
1314 3405 1449 3464 nuncu?

310 3509 439 3582 parunt,
462 3509 555 3581 atque
575 3519 612 3557 ex
633 3497 803 3577 apostolica
827 3497 1020 3576 indulgentia
1044 3499 1075 3557 in
1096 3499 1210 3559 saeculo
1235 3500 1340 3559 vivere
1365 3521 1436 3579 per-

311 3599 490 3668 mittuntur,
512 3593 561 3654 vel
582 3593 634 3674 qui
659 3593 824 3652 ediderunt
845 3601 917 3652 vota
942 3593 1109 3674 simplicia,
1131 3603 1161 3654 et
1183 3615 1199 3654 e
1218 3595 1282 3654 suis
1302 3615 1435 3674 congre-

309 3692 486 3772 gationibus
510 3712 564 3750 seu
587 3690 738 3750 institutis
760 3689 875 3769 egressi
899 3696 986 3763 sunt,
1015 3709 1053 3749 ne
1076 3710 1147 3750 cum
1176 3691 1295 3770 proprii
1317 3692 1435 3770 gradus

308 3789 460 3849 dedecore
476 3785 670 3848 emendicare
686 3793 849 3865 cogantur,
869 3785 907 3844 ad
922 3785 979 3844 sibi
995 3785 1033 3844 de
1048 3788 1198 3847 canonico
1215 3787 1306 3846 titulo
1325 3790 1434 3867 provi-

308 3885 443 3947 dendum
471 3884 667 3962 obligentur·,
695 3883 726 3941 in
754 3882 829 3942 locis
856 3903 963 3942 verum
988 3882 1184 3956 missionum,
1213 3885 1272 3964 ipsi
1299 3885 1434 3965 probare

309 3983 418 4043 saltem
440 3987 587 4040 tenentur
609 3979 666 4038 sibi
686 3986 851 4059 suppetere
872 3979 971 4038 media
991 3979 1104 4060 quibus
1123 3981 1257 4060 propriae
1277 3989 1434 4042 sustenta·

307 4079 400 4152 tioni,
419 4085 453 4137 ut
468 4099 524 4157 par
538 4083 600 4148 est,
618 4075 792 4136 consulant.

351 4177 397 4234 13.
410 4173 468 4241 Qui
483 4173 574 4232 titulo
589 4178 682 4232 certae
695 4171 826 4252 alicujus
842 4170 996 4230 missionis
1010 4171 1048 4231 ad
1064 4172 1291 4232 ecclesiasticos
1306 4173 1433 4234 ordines

307 4269 527 4342 ascenderunt,
552 4267 604 4328 ubi
627 4267 812 4328 missionarii
834 4265 972 4326 officium
992 4267 1181 4342 dimiserint,
1202 4267 1312 4347 procul
1334 4269 1433 4330 dubio
