3294 5054
319 463 372 514 410
587 467 630 515 DE
650 465 788 516 LEGIBUS
808 465 921 516 SACRAE
940 465 1175 515 onninarloars

319 615 412 673 ratur
441 610 474 672 in
501 608 666 672 relatione
695 631 804 673 causae
841 608 1050 672 Tarvisinae¹.
1080 647 1125 656 -
1158 607 1252 672 Idem
1283 608 1323 673 de
1352 631 1444 672 noro

319 723 433 810 plures
457 723 585 810 opinati
610 729 689 788 sunt
713 729 791 809 post
814 722 943 786 editum
963 721 1137 788 decretum
1160 723 1297 806 Auctis,
1320 723 1339 786 l
1359 745 1440 786 nov.

321 835 440 918 18922,
472 837 543 901 sive
573 837 651 924 quia
682 835 745 900 hoc
777 836 967 916 decretum,
994 841 1010 918 ᾖ
1041 835 1071 916 1,
1104 837 1265 924 supponit
1293 836 1356 900 hoc
1383 835 1443 924 jus

320 949 528 1014 dimissorias
554 949 762 1028 concedendi
783 950 818 1013 in
845 947 1072 1038 superioribus
1092 950 1326 1015 institutorum
1346 957 1444 1014 voto-

320 1087 394 1126 rum
422 1063 643 1152 simplicium,
666 1064 737 1128 sive
757 1063 853 1150 quia,
875 1063 910 1126 in
926 1063 1045 1128 eodem
1065 1063 1250 1146 decreto,§
1271 1065 1303 1144 3,
1325 1065 1445 1128 vincu-

319 1175 390 1241 lum
411 1177 643 1243 firmissimum
664 1177 854 1242 instituitur
874 1177 962 1242 inter
981 1177 1136 1242 subditos
1160 1185 1193 1242 et
1214 1177 1323 1266 ipsum
1344 1177 1442 1242 insti-

319 1299 443 1371 tutum,
466 1291 534 1357 lere
557 1293 644 1356 sicut
669 1293 703 1356 in
724 1291 909 1358 Ordinibus
929 1291 1157 1378 regularibus,
1174 1293 1221 1358 ita
1241 1299 1295 1372 ut,
1312 1315 1373 1378 pro
1393 1291 1444 1354 di·

320 1407 479 1470 missione
513 1405 744 1487 subditorum,
785 1407 1047 1496 praeseribantur
1086 1407 1212 1472 eaedem
1254 1429 1363 1470 eausae
1409 1413 1443 1470 et

320 1519 563 1585 solemnitates.
588 1519 638 1586 Ita
663 1529 821 1587 narratur
840 1522 875 1585 in
895 1521 1105 1608 expositione
1129 1544 1239 1586 causae
1259 1521 1440 1602 Parisien,

319 1632 339 1698 9
360 1631 443 1696 lebr.
468 1633 568 1716 1894,
589 1635 680 1722 apud
699 1634 733 1700 S.
757 1634 884 1722 Congr.
908 1635 969 1722 Ep.
992 1641 1026 1700 et
1040 1635 1161 1722 Reg.³.

364 1748 398 1810 2⁰
419 1748 481 1812 His
496 1771 564 1813 non
581 1748 808 1830 obstantibus,
831 1749 1011 1814 dicendum
1031 1756 1083 1814 est
1101 1749 1291 1834 superiores
1311 1725 1445 1812 institu-

321 1869 434 1926 torum
455 1864 608 1928 virorum
627 1887 705 1928 cum
721 1865 805 1928 votis
823 1863 1046 1953 simplicibus,
1065 1864 1139 1927 licet
1156 1863 1303 1927 babeant
1321 1885 1443 1947 appro-

319 1977 490 2040 bationem
509 1977 627 2041 aSede
646 1979 841 2063 apostolica,
858 2001 924 2042 non
939 1999 1048 2062 posse,
1060 1980 1145 2064 jure
1159 1978 1342 2058 communi,
1364 1997 1442 2040 cou-

319 2090 433 2154 cederc
453 2091 662 2156 dimissorias
680 2093 826 2156 subditis
845 2093 914 2156 suis
940 2093 984 2154 ad
1007 2093 1142 2156 ordines
1167 2091 1386 2174 recipiendos,
1409 2095 1443 2152 et

319 2203 461 2290 proinde
482 2205 607 2292 requiri
626 2205 798 2270 indultum
818 2205 975 2292 speciale.
998 2205 1146 2269 —Nam
1171 2224 1178 2269 :

364 2341 394 2382 a.
428 2317 610 2383 Decretum
642 2319 911 2398 Clementinum,
941 2342 1041 2406 supra
1072 2318 1124 2405 (n.
1154 2319 1251 2404 158)
1279 2317 1440 2395 relatum,

320 2431 481 2518 applicari
501 2433 619 2521 nequit
643 2435 810 2499 institutis
830 2435 871 2498 de
891 2433 1014 2521 quibus
1034 2433 1182 2520 agimus,
1205 2453 1273 2496 non
1292 2431 1445 2518 loquitur

320 2546 410 2608 eninr
435 2547 500 2610 nisi
527 2547 568 2612 de
598 2548 827 2636 superioribus
857 2549 1074 2632 repuleribus
1102 2555 1135 2612 et
1164 2568 1279 2609 eorum
1299 2543 1444 2608 subditis

322 2661 559 2743 reputaribus,·
577 2671 691 2727 amoto
719 2669 832 2727 autem
858 2662 923 2727 hoe
944 2662 1093 2737 decretu,
1116 2683 1183 2724 non
1208 2666 1359 2724 remanet
1379 2657 1442 2722 nisi

314 2776 378 2859 jus
404 2798 581 2840 commune
614 2777 815 2841 clericorum
844 2777 1076 2858 saecularium,
1108 2774 1198 2862 quod
1230 2773 1348 2838 tribuit
1379 2773 1443 2836 soli

321 2889 478 2976 episeopo
499 2891 657 2976 oripinis,
680 2891 735 2956 vel
754 2892 927 2972 domicilii,
950 2889 1005 2954 vel
1023 2891 1176 2974 beneficii
1193 2895 1251 2953 aut
1263 2889 1444 2973 familiari-

322 3005 418 3084 tatis,
441 3011 551 3068 totum
563 3005 621 3092 jus
641 3005 820 3070 ordinandi
839 3013 897 3070 aut
916 3005 1120 3070 dimittendi.

366 3117 399 3181 b.
423 3117 467 3182 Ut
497 3141 598 3205 supra
628 3121 679 3208 (n.
705 3119 804 3205 159,
825 3121 871 3206 5⁰)
900 3119 1028 3183 dictum
1059 3127 1123 3206 est,
1156 3119 1221 3206 ipsi
1253 3119 1444 3206 superiores

320 3231 494 3315 regulares
514 3255 581 3296 non
601 3243 745 3320 possunt
764 3234 935 3299 dimittere
958 3233 1000 3298 ad
1021 3257 1134 3298 sacros
1153 3233 1304 3312 ordines,
1326 3230 1442 3296 subdi-

321 3351 375 3408 tos
409 3370 490 3411 suos
520 3350 578 3436 qui
607 3360 681 3413 vota
716 3359 851 3414 tantum
878 3349 1044 3432 simplicia
1077 3348 1277 3426 emiserunt;
1310 3344 1443 3410 admitti

320 3481 401 3546 ergo
431 3463 550 3549 nequit
583 3463 772 3549 superiores
807 3463 1043 3528 institutorum
1078 3461 1120 3526 de
1155 3460 1278 3548 quibus
1310 3460 1443 3546 agimus

320 3595 422 3660 posse
450 3575 623 3641 dimittere
647 3577 690 3641 ad
723 3575 895 3664 quoslibet
926 3577 1062 3640 ordines
1089 3575 1242 3640 subditos
1266 3597 1363 3651 suos,
1385 3573 1441 3660 qui

321 3707 495 3774 nunquam
516 3689 677 3754 emittunt
697 3689 761 3753 nisi
777 3695 856 3753 vota
877 3689 1054 3776 simplicia.

364 3824 392 3865 c.
417 3801 474 3866 Lis
500 3802 667 3891 dirempta
694 3812 746 3868 est
772 3803 903 3868 duabus
928 3801 1206 3889 responsionibus
1235 3801 1269 3868 S.
1292 3799 1444 3887 Congre-

353 3961 360 3994 ¹
380 3965 450 4011 Acta
465 3966 490 4013 S.
506 3965 594 4024 Sedis,
612 3970 631 4014 t.
648 3983 668 4024 r,
685 3982 711 4026 p.
727 3971 772 4013 358
790 3965 849 4026 (ubi
867 3970 956 4014 tamen
977 3967 1101 4013 tacentur
1120 3965 1255 4026 nomina);
1271 3967 1344 4012 -et
1363 3963 1443 4011 latius

320 4047 392 4108 apud
404 4045 523 4102 Birrarri,
541 4046 711 4094 collectanea
726 4045 751 4092 S.
769 4045 869 4108 conpr.
885 4044 933 4104 Ep.
949 4045 974 4091 et
989 4043 1064 4106 fleo„
1082 4043 1269 4100 Romae,1885,
1286 4059 1312 4104 p.
1329 4046 1442 4089 706-712.

351 4125 363 4160 ²
380 4125 449 4172 Vide
464 4127 569 4172 testum
583 4124 617 4172 ad
633 4123 735 4172 calcem
750 4122 830 4184 hujus
844 4121 997 4176 voluminis,
1013 4121 1209 4169 Documentum
1223 4120 1270 4169 lv.

352 4205 446 4252 ³Acta
461 4203 485 4250 S.
502 4201 591 4260 Sedis,
608 4207 628 4251 t.
642 4217 717 4259 xxvi,
734 4216 760 4263 p.
777 4206 905 4259 ero-620,
922 4201 965 4248 vel
982 4200 1008 4247 in
1025 4197 1212 4254 Canoniste‚t.
1228 4213 1295 4254 xvir,
1311 4213 1354 4246 an.
1372 4201 1444 4253 1894.

319 4299 346 4346 p.
363 4287 485 4330 aes-292.
