3300 5056
324 471 374 522 192
588 469 633 520 DE
651 469 791 520 LEGIBUS
810 468 923 520 SACRAE
941 470 1179 522 onommoms

320 618 384 683 bus
400 615 603 701 presbytero
623 621 654 677 et
673 613 829 695 diacono,
852 619 886 677 et
904 613 984 677 sotis
1001 614 1177 678 sororibus
1194 622 1253 678 ant
1268 615 1448 699 parvulis;

320 737 373 796 est
392 751 473 816 ergo
493 726 687 792 distributio
708 727 743 790 in
762 749 839 791 casu
860 727 1073 810 necessitatis,
1090 749 1166 814 quae
1186 727 1357 816 implicare
1376 751 1447 794 non

320 844 457 910 videtur
484 840 710 906 ministerium
731 839 848 906 altaris
876 840 1009 928 proprie
1033 839 1177 922 dictum,
1203 848 1242 906 nt
1265 842 1387 908 asserit
1408 843 1447 908 in

320 959 427 1024 relato
446 963 544 1022 textu
567 957 639 1043 ipse
663 953 810 1020 lacobus
831 953 1056 1022 Edessenus¹.
1080 953 1239 1020 Ceterum
1262 956 1447 1021 concilium

321 1072 448 1139 Montis
464 1069 596 1151 Libani,
614 1091 670 1134 an.
689 1069 788 1150 1736,
804 1075 844 1133 ut
858 1068 988 1133 dietum
1007 1076 1071 1150 est,
1088 1069 1290 1136 diaconissis
1304 1070 1446 1136 abstulit

320 1184 508 1274 quamlibet
526 1183 699 1248 licentiam
719 1181 942 1248 distribuendi
963 1206 1093 1248 sacram
1111 1186 1396 1251 communionem.

365 1300 403 1365 Β.
425 1299 529 1364 Juxta
548 1297 803 1378 Balsamonem,
825 1296 1009 1384 interprete
1029 1298 1227 1380 Assemani,
1251 1326 1267 1359 a
1284 1298 1365 1363 olim
1383 1298 1446 1364 ali-

319 1412 455 1503 quando
485 1411 751 1477 diaconissarum
787 1409 923 1474 ordines
953 1411 1080 1496 cogniti
1111 1411 1204 1476 [uere
1239 1411 1442 1494 canonibus,

320 1529 558 1612 habebantque
578 1526 655 1611 ipse
669 1525 819 1609 predum
838 1533 870 1588 et
888 1525 1045 1609 officium
1063 1526 1152 1590 circa
1170 1527 1300 1609 attare,·
1318 1553 1333 1587 n
1353 1526 1444 1592 unde

319 1650 413 1708 tenet
445 1639 628 1706 Assemani
660 1638 868 1704 diaconissas
906 1661 1023 1704 revera
1057 1639 1145 1704 cirea
1177 1639 1283 1704 altare
1320 1663 1445 1706 munus

318 1756 457 1844 aliquod
476 1754 600 1819 obiisse
610 1755 631 1818 ³.
1202 1839 1211 1855 ·

363 1871 477 1955 Hesp„
500 1875 632 1933 textum
655 1890 804 1954 graecum
829 1867 1043 1932 Balsamonis
1062 1868 1161 1964 (εἶχον
1181 1879 1236 1938 καὶ
1256 1871 1349 1939 αὗται
1369 1873 1444 1957 βκθ-

319 1991 375 2079 μὸν
394 1987 421 2052 ἐν
446 2000 491 2071 τῷ
518 1981 678 2076 βήματι)3
703 2004 772 2045 non
798 1981 989 2046 necessario
1017 1981 1208 2070 significare
1234 1982 1444 2048 diaconissas

319 2097 477 2162 habuisse
507 2096 663 2181 officium
693 2095 728 2160 in
759 2095 951 2160 sanctuario
982 2103 1041 2162 aut
1073 2096 1187 2175 altari,
1218 2097 1279 2161 sed
1309 2103 1443 2162 tantum

320 2213 452 2294 tecum,·
480 2208 570 2298 quod
596 2209 669 2296 jam
697 2215 834 2274 notatur
862 2209 897 2273 in
932 2209 1141 2274 Testamenta
1169 2210 1212 2276 D.
1244 2210 1290 2276 N.
1319 2211 1353 2275 J.
1386 2211 1441 2292 C,

318 2324 377 2390 lib.
402 2325 432 2406 l,
454 2348 483 2390 c.
507 2345 589 2389 xxm
599 2326 621 2406 ⁴,
642 2322 843 2388 ubidicitur
863 2323 1062 2412 episcopum
1081 2325 1201 2388 ollerre
1221 2325 1312 2388 intra
1331 2325 1442 2388 vetum

318 2438 517 2520 sanctuarii,
534 2461 602 2502 una
622 2461 699 2502 eum
713 2435 935 2525 presbyteris,
952 2437 1117 2520 diaconis,
1135 2438 1244 2502 viduis
1262 2439 1440 2520 canonicis,

318 2552 578 2642 hypodiaconis,
601 2552 811 2635 diaconissis,
833 2549 1029 2618 lectoribus.

363 2667 402 2735 C.
424 2667 573 2734 Joannes
592 2665 757 2746 Telensis
779 2665 888 2731 Resol.
906 2689 995 2749 cen„
1017 2689 1091 2732 can.
1111 2665 1165 2748 38,
1188 2667 1246 2749 eit,
1268 2665 1309 2730 de
1330 2665 1442 2730 diaro-

318 2783 409 2846 nissa
425 2802 432 2850 :
457 2809 473 2842 «
491 2780 577 2846 Cum
592 2779 815 2866 permissione
829 2779 991 2867 episcopi,
1011 2781 1191 2865 infundere
1201 2789 1311 2866 potest
1326 2781 1442 2843 vinum

317 2907 348 2960 et
364 2919 490 2983 aquam
506 2897 539 2960 in
554 2895 719 2959 caticemi.
736 2893 874 2972 »Quem
889 2916 1054 2959 canonem
1069 2894 1172 2959 refert
1182 2892 1438 2974 Bar-Hebraeus,

317 3011 352 3074 in
372 3033 433 3074 suo
453 3009 721 3074 Nomocanoner.

362 3124 474 3208 Resp.,
497 3121 588 3209 apud
607 3129 734 3186 sectam
754 3121 964 3203 haereticam,
988 3122 1098 3210 qualis
1117 3130 1190 3187 erat
1209 3129 1302 3187 secta
1322 3121 1441 3186 Mono-

316 3237 547 3325 physitarum,
579 3236 632 3300 eui
662 3234 789 3299 addicti
817 3243 915 3302 erant
938 3237 1088 3302 loannes
1114 3235 1267 3300 Telensis
1296 3241 1330 3300 et
1358 3236 1441 3300 Bar-

317 3349 493 3432 HebraeuS,
515 3351 712 3436 episcopum
730 3349 890 3415 habuisse
909 3357 1117 3437 potestatem
1136 3373 1330 3436 supremam
1349 3349 1385 3413 in
1404 3373 1440 3414 re

348 3569 355 3602 ¹
375 3569 463 3616 Etiam
479 3569 505 3616 in
516 3568 636 3616 Ecclesia
646 3568 742 3626 latine,
754 3569 781 3616 in
792 3583 855 3617 casu
871 3571 998 3618 extremae
1011 3567 1193 3628 necessitatis,
1205 3584 1301 3632 graves
1313 3570 1441 3618 doctores

316 3649 409 3696 tenent
429 3661 532 3694 sacrum
547 3647 765 3694 communionem
781 3661 861 3709 posse
880 3648 1027 3696 ministrari
1044 3662 1059 3695 n
1078 3646 1168 3704 inicis,
1185 3653 1213 3696 et
1227 3647 1340 3710 proinde
1356 3649 1439 3696 etiam

315 3741 329 3773 a
349 3725 507 3773 mulieribus
527 3725 603 3784 (vide
623 3725 695 3787 apud
714 3725 740 3772 S.
757 3726 850 3787 mpn,
871 3726 918 3774 lib.
935 3725 986 3786 VI,
1007 3743 1034 3774 n.
1050 3731 1105 3784 2³7,
1125 3741 1209 3789 quaer.
1230 3726 1268 3790 3).
1288 3725 1441 3775 Necessitas

315 3803 376 3866 plus
391 3803 514 3851 minusve
528 3803 581 3850 iate
596 3803 758 3865 intelligitur
772 3805 799 3851 in
813 3804 946 3863 Ecclesia,
959 3805 1038 3867 juxta
1054 3803 1127 3853 varia
1142 3806 1202 3854 loca
1217 3809 1244 3853 ct
1259 3809 1391 3867 tempora.

346 3883 357 3914 ¹
374 3881 444 3929 Ribl.
461 3879 570 3937 orient„
587 3885 606 3928 t.
623 3897 663 3938 m,
680 3885 750 3943 part.
767 3888 793 3940 2,
811 3898 837 3944 p.
854 3898 989 3931 occcxmx.

345 3959 450 4022 ³Iiesp.
470 3958 504 4006 od
525 3957 756 4022 interroyationes
775 3959 872 4018 Marci,
894 3976 965 4023 resp.
982 3966 1024 4021 35;
1045 3961 1149 4024 iligne,
1166 3961 1195 4009 P.
1213 3961 1252 4020 G„
1274 3964 1294 4010 t.
1307 3975 1439 4020 cxxxviii,

313 4038 364 4086 col.
377 4042 431 4086 988.

344 4117 354 4149 ⁴
370 4115 421 4164 Cit.
438 4115 479 4163 ed.
494 4115 640 4174 Isthmum,
657 4131 683 4178 p.
700 4121 738 4175 35,
754 4121 796 4176 37;
814 4117 848 4165 ci.
862 4132 888 4180 p.
905 4120 960 4164 164.

345 4196 355 4229 ⁵
373 4195 464 4257 Lamy‚
480 4193 528 4242 loc.
543 4192 598 4251 cit„
615 4210 642 4256 p.
658 4200 696 4243 91.

343 4273 417 4321 ⁰Ed.
434 4274 502 4333 Mai,
519 4272 568 4321 loc.
584 4271 640 4330 cit„
656 4288 682 4336 p.
698 4278 735 4320 51.
