3316 5052
372 476 424 530 276
640 477 684 530 os
703 477 842 530 LEGIBUS
861 477 977 532 SACRAE
995 477 1233 530 onulnarlonrs

372 617 434 681 teri
451 619 555 680 officio
575 618 758 700 perfunctus
778 619 873 681 fuerit
891 641 947 702 per
955 619 1122 703 proliaeum
1139 627 1276 702 tempus,
1293 619 1378 703 quod
1394 627 1499 682 tamen

371 745 435 786 non
447 725 651 799 determinat,
666 731 701 785 ut
715 723 787 786 inde
802 725 928 806 probari
943 727 1043 807 possit
1056 727 1123 807 ejus
1139 724 1215 786 fides
1230 733 1262 786 et
1276 725 1351 786 vita.

411 831 443 890 2⁰
467 829 647 890 Succedunt
670 828 796 890 decreta
820 831 920 892 Siricii
943 839 974 891 et
994 831 1123 906 Zozimi,
1149 852 1242 912 supra
1263 835 1312 908 (n.
1338 833 1426 912 102,
1448 833 1499 909 2⁰)

369 934 485 1010 relata;
505 935 596 1016 juxta
626 941 794 1017 utrumque
816 936 1011 1018 pontificem,
1039 943 1111 997 sunt
1132 935 1195 996 duo
1222 935 1398 1013 curricula,
1425 957 1497 996 cum

369 1040 463 1120 paulo
483 1039 615 1101 diversis
633 1040 823 1116 interstitiis,
845 1048 881 1101 ut
899 1040 1014 1102 ibidem
1034 1049 1173 1103 notatur.
1196 1040 1281 1102 inter
1299 1041 1497 1122 presbytera-

369 1151 435 1204 tum
447 1151 479 1205 et
488 1145 718 1226 episcopatum,
730 1145 871 1206 Zozimus
885 1145 1051 1206 interstitia
1065 1166 1128 1206 non
1138 1144 1342 1220 determinat,
1353 1145 1408 1206 sed
1420 1145 1497 1207 dicit

368 1256 510 1312 tantum:
530 1275 544 1304 (ι
565 1251 611 1310 De
629 1271 692 1332 quo
707 1249 777 1310 loco
792 1249 1077 1333 (presbyteratus),
1093 1251 1119 1312 si
1139 1272 1176 1312 eo
1195 1250 1285 1311 illum
1303 1251 1442 1312 exactior
1456 1250 1495 1312 ad

369 1353 470 1415 bonos
494 1376 597 1416 mores
626 1355 689 1415 vita
716 1355 915 1436 produxerit,
944 1377 1099 1417 summum
1116 1331 1344 1438 'pontificatum
1370 1376 1495 1436 sperare

367 1458 527 1520 debebw.
545 1487 559 1516 n

406 1564 439 1624 3⁰
458 1565 618 1641 Gelasius,
635 1565 727 1646 epist.
748 1587 808 1640 xrv,
830 1564 884 1626 Ad
901 1565 1061 1648 episcopos
1076 1566 1242 1644 Lucaniae,
1260 1587 1291 1627 n.
1307 1569 1341 1640 2,
1358 1565 1493 1626 multum

366 1671 523 1731 contraxit
541 1671 725 1746 interstitia,
743 1670 797 1731 sed
816 1677 938 1731 tantum
956 1691 1012 1752 per
1031 1671 1159 1732 modum
1176 1671 1383 1753 exceptioniS,
1399 1677 1431 1731 et
1444 1677 1493 1732 at-

366 1776 460 1848 tentis
472 1777 664 1856 gravissimis
676 1795 780 1836 rerum
794 1775 952 1857 adjunctis
964 1775 987 1838 ³.

406 1881 438 1940 4⁰
453 1881 631 1942 Concilium
645 1881 874 1942 oecumenicum
884 1881 959 1940 VIII
971 1887 1040 1956 (an.
1052 1883 1146 1958 869),
1160 1901 1217 1962 pro
1231 1881 1368 1942 Ecclesia
1384 1881 1492 1942 Orien·

365 1988 436 2064 tali,
465 1995 500 2047 ut
523 1985 704 2047 obviaretur
729 1985 937 2067 praeproperis
962 1985 1228 2060 ordinationibus,
1258 1985 1359 2067 qualis
1384 2007 1491 2046 recens

365 2095 467 2155 suerat
481 2090 638 2152 ordinatio
658 2090 779 2164 Photii,
796 2091 850 2172 qui
869 2093 937 2166 (au.
955 2091 1031 2168 857)
1046 2091 1127 2152 intra
1147 2089 1285 2172 quinque
1302 2090 1369 2150 dies
1384 2111 1491 2152 omnes

364 2197 505 2272 ordines,
531 2217 594 2256 non
618 2203 750 2276 excepto
778 2195 977 2276 episcopatu,
1003 2203 1178 2277 receperat,
1208 2195 1383 2276 praescribit
1406 2196 1490 2256 varia

363 2301 530 2364 interstitia
546 2301 628 2361 iuter
644 2299 786 2376 ordines,
803 2321 914 2381 nempe
930 2306 965 2360 ut
980 2300 1049 2382 quis
1064 2300 1105 2360 sit
1117 2301 1215 2361 lector
1228 2321 1292 2361 uuo
1304 2321 1403 2378 anno,
1420 2301 1490 2362 sub·

362 2409 513 2468 diaconus
532 2405 671 2480 duobus,
693 2405 844 2465 diaconus
865 2405 981 2480 tribus,
1003 2405 1167 2486 presbyter
1185 2413 1320 2486 quatuor
1336 2406 1442 2478 annis,
1459 2413 1490 2466 et

362 2515 407 2574 sic
421 2513 586 2594 episcopus
596 2510 619 2571 ³.

402 2618 435 2678 5⁰
450 2618 497 2678 Ex
511 2617 560 2676 his
579 2635 654 2696 ergo
670 2614 815 2676 omnibus
834 2613 968 2674 decretis
985 2623 1128 2676 evaserat
1141 2613 1305 2696 disciplina
1319 2615 1486 2696 generaliS,

363 2723 568 2806 praescribens
587 2720 673 2781 varia
692 2719 858 2780 interstitia
881 2719 964 2780 inter
981 2719 1084 2780 varios
1107 2721 1247 2795 ordines,
1272 2721 1438 2782 etidcirco
1457 2729 1488 2781 et

361 2827 557 2910 potissimum
569 2824 738 2906 prohibens
753 2846 792 2884 ne
807 2845 946 2905 unquam
958 2824 1068 2886 eodem
1079 2825 1129 2885 die
1140 2825 1202 2886 duo
1218 2833 1271 2886 aut
1286 2825 1391 2908 plures
1407 2825 1488 2886 ordi·

360 2955 431 3008 nes,
449 2933 514 2992 sive
527 2931 676 3012 majores,
693 2930 759 2990 sive
774 2931 868 2990 etiam
883 2931 1035 3010 minores,
1052 2931 1276 3012 reciperentur.

404 3135 499 3205 108.
528 3173 573 3184 -
602 3133 822 3203 Interstitia
854 3131 972 3201 hodie
1004 3133 1194 3221 visentie.
1221 3171 1265 3183 ·-
1294 3133 1485 3202 Concilium

359 3249 594 3314 Tridentinum
632 3246 836 3312 determinat
877 3268 1033 3334 quaenam
1075 3247 1144 3312 sint
1183 3247 1284 3313 hodie
1321 3247 1485 3314 servanda

359 3362 558 3444 interstitia,
585 3361 620 3426 in
644 3359 813 3449 capitibus
834 3358 891 3442 II,
916 3361 973 3442 13,
997 3360 1054 3444 II,
1077 3383 1161 3427 sess.
1184 3359 1313 3444 XXIII,
1337 3361 1388 3427 Da
1412 3383 1481 3430 nne.

358 3477 462 3542 quta
480 3477 552 3541 haeo
572 3475 723 3556 decreta,
744 3473 808 3539 hoc
828 3473 1010 3540 dicendum
1029 3481 1082 3540 est
1104 3493 1112 3542 ε

405 3593 438 3655 I⁰
462 3589 554 3655 Inter
576 3587 722 3676 primam
745 3595 921 3654 tonsuram
942 3595 976 3653 et
999 3589 1229 3670 ostiariatum,
1255 3588 1351 3654 nulla
1374 3589 1485 3678 requi-

359 3711 479 3770 runtur
514 3701 715 3782 interstitia;
756 3701 841 3766 nihil
873 3703 964 3767 enim
1000 3701 1061 3767 hac
1090 3701 1131 3768 de
1160 3725 1195 3766 re
1229 3702 1351 3768 statuit
1386 3726 1481 3769 conc.

358 3818 465 3900 Trid,
487 3839 549 3882 nee
567 3815 637 3881 ulla
656 3815 722 3882 alia
740 3816 796 3882 len
815 3815 988 3882 canoniea.
1011 3815 1108 3882 Unde
1127 3815 1246 3882 eodem
1266 3815 1320 3882 die
1340 3815 1485 3883 conferri

359 3937 514 4023 possunt.

391 4069 400 4103 ¹
418 4068 522 4132 Misne,
537 4067 567 4117 P.
584 4066 623 4125 L.,
640 4069 660 4116 t.
676 4082 723 4127 xx,
737 4066 788 4116 col.
801 4071 857 4115 67³.

391 4145 509 4201 ¹Thiel,
525 4161 552 4209 p.
568 4149 695 4195 soa-³63.

392 4225 403 4260 ⁸
419 4225 501 4275 Cone.
517 4239 615 4274 oeeum.
627 4223 700 4282 VIII,
716 4239 775 4273 can.
789 4227 817 4284 5;
832 4223 932 4285 Menai,
949 4225 969 4272 t.
984 4239 1037 4282 xvi,
1053 4222 1271 4285 ool.16³·,·-oi.
1286 4223 1394 4287 Hetele,
1411 4225 1483 4276 ΗΜ,

361 4303 408 4354 des
422 4301 553 4362 conciter,
569 4305 654 4364 5⁴⁹³,
670 4303 712 4352 ed.
728 4301 839 4363 Delare,
853 4305 873 4352 t.
889 4318 916 4362 v,
931 4317 957 4366 p.
974 4304 1029 4351 ott.
