<?xml version="1.0" encoding="UTF-8"?>
<!DOCTYPE html PUBLIC "-//W3C//DTD XHTML 1.0 Transitional//EN"
    "http://www.w3.org/TR/xhtml1/DTD/xhtml1-transitional.dtd">
<html xmlns="http://www.w3.org/1999/xhtml" xml:lang="en" lang="en">
 <head>
  <title>
</title>
<meta http-equiv="Content-Type" content="text/html;charset=utf-8" />
  <meta name='ocr-system' content='tesseract 3.04.00' />
  <meta name='ocr-capabilities' content='ocr_page ocr_carea ocr_par ocr_line ocrx_word'/>
</head>
<body>
  <div class='ocr_page' id='page_1' title='image "./praelectionesde00manygoog_0398.png"; bbox 0 0 3294 5054; ppageno 0'>
   <div class='ocr_carea' id='block_1_1' title="bbox 495 469 1320 524">
    <p class='ocr_par' dir='ltr' id='par_1_1' title="bbox 495 469 1320 524">
     <span class='ocr_line' id='line_1_1' title="bbox 495 469 1320 524; baseline 0.001 -1"><span class='ocrx_word' id='word_1_1' title='bbox 495 473 538 523; x_wconf 86' lang='lat' dir='ltr'>DE</span> <span class='ocrx_word' id='word_1_2' title='bbox 557 469 784 524; x_wconf 77' lang='lat' dir='ltr'>ORDlNATlONE</span> <span class='ocrx_word' id='word_1_3' title='bbox 804 469 1023 520; x_wconf 74' lang='lat' dir='ltr'>REGULdltlUM</span> <span class='ocrx_word' id='word_1_4' title='bbox 1268 471 1320 524; x_wconf 75' lang='lat'>385</span> 
     </span>
    </p>
   </div>
   <div class='ocr_carea' id='block_1_2' title="bbox 191 613 1321 4118">
    <p class='ocr_par' dir='ltr' id='par_1_2' title="bbox 194 613 1320 818">
     <span class='ocr_line' id='line_1_2' title="bbox 196 613 1320 702; baseline 0.003 -24"><span class='ocrx_word' id='word_1_5' title='bbox 196 617 242 679; x_wconf 89' lang='lat' dir='ltr'>tio</span> <span class='ocrx_word' id='word_1_6' title='bbox 267 617 457 681; x_wconf 87' lang='lat' dir='ltr'>necessaria</span> <span class='ocrx_word' id='word_1_7' title='bbox 483 617 543 696; x_wconf 93' lang='lat' dir='ltr'>sit,</span> <span class='ocrx_word' id='word_1_8' title='bbox 566 614 701 680; x_wconf 90' lang='lat' dir='ltr'>dabitur</span> <span class='ocrx_word' id='word_1_9' title='bbox 719 613 833 702; x_wconf 90' lang='lat' dir='ltr'>potius</span> <span class='ocrx_word' id='word_1_10' title='bbox 857 619 894 678; x_wconf 87' lang='lat' dir='ltr'>ut</span> <span class='ocrx_word' id='word_1_11' title='bbox 918 619 996 678; x_wconf 90' lang='lat' dir='ltr'>ante</span> <span class='ocrx_word' id='word_1_12' title='bbox 1022 614 1204 679; x_wconf 90' lang='lat' dir='ltr'>triennium</span> <span class='ocrx_word' id='word_1_13' title='bbox 1229 639 1320 681; x_wconf 93' lang='lat' dir='ltr'>com-</span> 
     </span>
     <span class='ocr_line' id='line_1_3' title="bbox 194 727 899 818; baseline -0.007 -24"><span class='ocrx_word' id='word_1_14' title='bbox 194 731 326 818; x_wconf 90' lang='lat' dir='ltr'>pletum</span> <span class='ocrx_word' id='word_1_15' title='bbox 347 730 522 795; x_wconf 74' lang='lat' dir='ltr'>emittatur</span> <span class='ocrx_word' id='word_1_16' title='bbox 540 729 706 818; x_wconf 82' lang='lat' dir='ltr'>professio</span> <span class='ocrx_word' id='word_1_17' title='bbox 726 727 899 792; x_wconf 79' lang='lat' dir='ltr'>solemnis</span> 
     </span>
    </p>

    <p class='ocr_par' dir='ltr' id='par_1_3' title="bbox 196 840 1316 1032">
     <span class='ocr_line' id='line_1_4' title="bbox 239 840 1316 930; baseline 0.001 -22"><span class='ocrx_word' id='word_1_18' title='bbox 239 843 275 908; x_wconf 83' lang='grc' dir='ltr'>6Ο</span> <span class='ocrx_word' id='word_1_19' title='bbox 294 843 414 923; x_wconf 83' lang='lat' dir='ltr'>Quoad</span> <span class='ocrx_word' id='word_1_20' title='bbox 437 867 555 930; x_wconf 89' lang='lat' dir='ltr'>poenas</span> <span class='ocrx_word' id='word_1_21' title='bbox 579 849 696 908; x_wconf 88' lang='lat' dir='ltr'>contra</span> <span class='ocrx_word' id='word_1_22' title='bbox 724 841 922 906; x_wconf 84' lang='lat' dir='ltr'>violatores·</span> <span class='ocrx_word' id='word_1_23' title='bbox 937 840 1064 906; x_wconf 80' lang='lat' dir='ltr'>decreti</span> <span class='ocrx_word' id='word_1_24' title='bbox 1095 841 1316 926; x_wconf 88' lang='lat' dir='ltr'>Clementini,</span> 
     </span>
     <span class='ocr_line' id='line_1_5' title="bbox 196 939 1201 1032; baseline 0.003 -12"><span class='ocrx_word' id='word_1_25' title='bbox 196 957 265 1022; x_wconf 87' lang='lat' dir='ltr'>haec</span> <span class='ocrx_word' id='word_1_26' title='bbox 285 957 447 1023; x_wconf 87' lang='lat' dir='ltr'>dicenda:</span> <span class='ocrx_word' id='word_1_27' title='bbox 831 1025 835 1032; x_wconf 80' lang='grc'>,</span> <span class='ocrx_word' id='word_1_28' title='bbox 1199 939 1201 943; x_wconf 26' lang='lat'>⁸</span> 
     </span>
    </p>

    <p class='ocr_par' dir='ltr' id='par_1_4' title="bbox 194 1068 1321 2981">
     <span class='ocr_line' id='line_1_6' title="bbox 238 1068 1318 1158; baseline 0.002 -23"><span class='ocrx_word' id='word_1_29' title='bbox 238 1071 282 1135; x_wconf 82' lang='lat' dir='ltr'>A.</span> <span class='ocrx_word' id='word_1_30' title='bbox 305 1069 425 1149; x_wconf 84' lang='lat' dir='ltr'>Quoad</span> <span class='ocrx_word' id='word_1_31' title='bbox 445 1071 636 1158; x_wconf 80' lang='lat' dir='ltr'>superiores</span> <span class='ocrx_word' id='word_1_32' title='bbox 657 1069 846 1156; x_wconf 86' lang='lat' dir='ltr'>regulares,</span> <span class='ocrx_word' id='word_1_33' title='bbox 869 1069 927 1156; x_wconf 92' lang='lat' dir='ltr'>qui</span> <span class='ocrx_word' id='word_1_34' title='bbox 947 1068 1124 1134; x_wconf 87' lang='lat' dir='ltr'>dimittunt</span> <span class='ocrx_word' id='word_1_35' title='bbox 1143 1069 1318 1137; x_wconf 91' lang='lat' dir='ltr'>subditum</span> 
     </span>
     <span class='ocr_line' id='line_1_7' title="bbox 195 1183 1319 1273; baseline 0.001 -24"><span class='ocrx_word' id='word_1_36' title='bbox 195 1185 238 1249; x_wconf 94' lang='lat' dir='ltr'>ad</span> <span class='ocrx_word' id='word_1_37' title='bbox 261 1185 458 1273; x_wconf 88' lang='lat' dir='ltr'>episcopum</span> <span class='ocrx_word' id='word_1_38' title='bbox 482 1185 631 1249; x_wconf 88' lang='lat' dir='ltr'>alienum</span> <span class='ocrx_word' id='word_1_39' title='bbox 658 1191 753 1248; x_wconf 90' lang='lat' dir='ltr'>extra</span> <span class='ocrx_word' id='word_1_40' title='bbox 783 1183 868 1248; x_wconf 92' lang='lat' dir='ltr'>duos</span> <span class='ocrx_word' id='word_1_41' title='bbox 892 1205 991 1248; x_wconf 86' lang='lat' dir='ltr'>casus</span> <span class='ocrx_word' id='word_1_42' title='bbox 1024 1183 1232 1271; x_wconf 88' lang='lat' dir='ltr'>expositos¹,</span> <span class='ocrx_word' id='word_1_43' title='bbox 1263 1186 1319 1251; x_wconf 88' lang='lat' dir='ltr'>vel</span> 
     </span>
     <span class='ocr_line' id='line_1_8' title="bbox 195 1295 1318 1386; baseline 0.004 -24"><span class='ocrx_word' id='word_1_44' title='bbox 195 1299 253 1386; x_wconf 91' lang='lat' dir='ltr'>qui</span> <span class='ocrx_word' id='word_1_45' title='bbox 283 1298 435 1384; x_wconf 84' lang='lat' dir='ltr'>legitime</span> <span class='ocrx_word' id='word_1_46' title='bbox 459 1298 634 1364; x_wconf 88' lang='lat' dir='ltr'>dimittunt</span> <span class='ocrx_word' id='word_1_47' title='bbox 664 1297 706 1362; x_wconf 89' lang='lat' dir='ltr'>ad</span> <span class='ocrx_word' id='word_1_48' title='bbox 737 1297 934 1384; x_wconf 89' lang='lat' dir='ltr'>episcopum</span> <span class='ocrx_word' id='word_1_49' title='bbox 958 1295 1124 1380; x_wconf 89' lang='lat' dir='ltr'>alienum,</span> <span class='ocrx_word' id='word_1_50' title='bbox 1156 1299 1215 1364; x_wconf 89' lang='lat' dir='ltr'>sed</span> <span class='ocrx_word' id='word_1_51' title='bbox 1246 1299 1318 1366; x_wconf 93' lang='lat' dir='ltr'>sine</span> 
     </span>
     <span class='ocr_line' id='line_1_9' title="bbox 195 1409 1319 1501; baseline 0.001 -23"><span class='ocrx_word' id='word_1_52' title='bbox 195 1412 412 1501; x_wconf 84' lang='lat' dir='ltr'>expressione</span> <span class='ocrx_word' id='word_1_53' title='bbox 437 1435 546 1478; x_wconf 90' lang='lat' dir='ltr'>causae</span> <span class='ocrx_word' id='word_1_54' title='bbox 567 1411 717 1500; x_wconf 86' lang='lat' dir='ltr'>episcopi</span> <span class='ocrx_word' id='word_1_55' title='bbox 737 1409 918 1475; x_wconf 84' lang='lat' dir='ltr'>dioecesani</span> <span class='ocrx_word' id='word_1_56' title='bbox 938 1409 1089 1476; x_wconf 89' lang='lat' dir='ltr'>absentis</span> <span class='ocrx_word' id='word_1_57' title='bbox 1109 1411 1163 1477; x_wconf 89' lang='lat' dir='ltr'>vel</span> <span class='ocrx_word' id='word_1_58' title='bbox 1182 1413 1319 1480; x_wconf 90' lang='lat' dir='ltr'>ordina-</span> 
     </span>
     <span class='ocr_line' id='line_1_10' title="bbox 196 1524 1318 1615; baseline 0.002 -25"><span class='ocrx_word' id='word_1_59' title='bbox 196 1527 323 1592; x_wconf 92' lang='lat' dir='ltr'>tionem</span> <span class='ocrx_word' id='word_1_60' title='bbox 357 1549 426 1591; x_wconf 93' lang='lat' dir='ltr'>non</span> <span class='ocrx_word' id='word_1_61' title='bbox 453 1525 617 1608; x_wconf 87' lang='lat' dir='ltr'>habituri,</span> <span class='ocrx_word' id='word_1_62' title='bbox 649 1525 683 1590; x_wconf 92' lang='lat' dir='ltr'>hi</span> <span class='ocrx_word' id='word_1_63' title='bbox 721 1524 911 1612; x_wconf 89' lang='lat' dir='ltr'>superiores</span> <span class='ocrx_word' id='word_1_64' title='bbox 944 1524 1121 1591; x_wconf 88' lang='lat' dir='ltr'>incurrunt</span> <span class='ocrx_word' id='word_1_65' title='bbox 1148 1525 1318 1615; x_wconf 89' lang='lat' dir='ltr'>duplicem</span> 
     </span>
     <span class='ocr_line' id='line_1_11' title="bbox 196 1639 1317 1728; baseline 0.003 -24"><span class='ocrx_word' id='word_1_66' title='bbox 196 1641 433 1728; x_wconf 83' lang='lat' dir='ltr'>privationem,</span> <span class='ocrx_word' id='word_1_67' title='bbox 448 1663 569 1728; x_wconf 87' lang='lat' dir='ltr'>nempe</span> <span class='ocrx_word' id='word_1_68' title='bbox 580 1639 686 1724; x_wconf 80' lang='lat' dir='ltr'>officii</span> <span class='ocrx_word' id='word_1_69' title='bbox 701 1647 733 1702; x_wconf 88' lang='lat' dir='ltr'>et</span> <span class='ocrx_word' id='word_1_70' title='bbox 746 1639 923 1722; x_wconf 67' lang='lat' dir='ltr'>dionitatis</span> <span class='ocrx_word' id='word_1_71' title='bbox 932 1661 989 1703; x_wconf 91' lang='lat' dir='ltr'>scu</span> <span class='ocrx_word' id='word_1_72' title='bbox 1001 1640 1317 1726; x_wconf 73' lang='lat' dir='ltr'>administrationis,</span> 
     </span>
     <span class='ocr_line' id='line_1_12' title="bbox 195 1751 1320 1840; baseline 0.004 -22"><span class='ocrx_word' id='word_1_73' title='bbox 195 1762 229 1818; x_wconf 90' lang='lat' dir='ltr'>et</span> <span class='ocrx_word' id='word_1_74' title='bbox 248 1757 334 1820; x_wconf 82' lang='lat' dir='ltr'>vocis</span> <span class='ocrx_word' id='word_1_75' title='bbox 353 1757 466 1820; x_wconf 82' lang='lat' dir='ltr'>actioae</span> <span class='ocrx_word' id='word_1_76' title='bbox 484 1763 516 1818; x_wconf 85' lang='lat' dir='ltr'>at</span> <span class='ocrx_word' id='word_1_77' title='bbox 531 1754 683 1840; x_wconf 82' lang='lat' dir='ltr'>passivae.</span> <span class='ocrx_word' id='word_1_78' title='bbox 706 1751 756 1816; x_wconf 87' lang='lat' dir='ltr'>lta</span> <span class='ocrx_word' id='word_1_79' title='bbox 772 1775 931 1839; x_wconf 87' lang='lat' dir='ltr'>expresse</span> <span class='ocrx_word' id='word_1_80' title='bbox 950 1753 985 1816; x_wconf 92' lang='lat' dir='ltr'>in</span> <span class='ocrx_word' id='word_1_81' title='bbox 1005 1753 1062 1818; x_wconf 89' lang='lat' dir='ltr'>cit.</span> <span class='ocrx_word' id='word_1_82' title='bbox 1085 1753 1220 1820; x_wconf 91' lang='lat' dir='ltr'>decreto</span> <span class='ocrx_word' id='word_1_83' title='bbox 1241 1754 1320 1822; x_wconf 88' lang='lat' dir='ltr'>Cle-</span> 
     </span>
     <span class='ocr_line' id='line_1_13' title="bbox 196 1867 1320 1956; baseline 0.003 -25"><span class='ocrx_word' id='word_1_84' title='bbox 196 1868 348 1932; x_wconf 91' lang='lat' dir='ltr'>mentino</span> <span class='ocrx_word' id='word_1_85' title='bbox 377 1869 509 1956; x_wconf 90' lang='lat' dir='ltr'>(supra,</span> <span class='ocrx_word' id='word_1_86' title='bbox 531 1891 565 1932; x_wconf 93' lang='lat' dir='ltr'>n.</span> <span class='ocrx_word' id='word_1_87' title='bbox 590 1867 698 1955; x_wconf 85' lang='lat'>158).</span> <span class='ocrx_word' id='word_1_88' title='bbox 720 1905 763 1916; x_wconf 95' lang='lat'>-</span> <span class='ocrx_word' id='word_1_89' title='bbox 784 1867 845 1930; x_wconf 82' lang='lat' dir='ltr'>Hae</span> <span class='ocrx_word' id='word_1_90' title='bbox 865 1873 979 1930; x_wconf 92' lang='lat' dir='ltr'>autem</span> <span class='ocrx_word' id='word_1_91' title='bbox 1003 1889 1112 1954; x_wconf 68' lang='lat' dir='ltr'>prena&gt;</span> <span class='ocrx_word' id='word_1_92' title='bbox 1135 1875 1216 1934; x_wconf 91' lang='lat' dir='ltr'>sunt</span> <span class='ocrx_word' id='word_1_93' title='bbox 1246 1871 1320 1934; x_wconf 75' lang='lat' dir='ltr'>lata</span> 
     </span>
     <span class='ocr_line' id='line_1_14' title="bbox 195 1979 1319 2084; baseline 0.004 -40"><span class='ocrx_word' id='word_1_94' title='bbox 195 1982 381 2064; x_wconf 72' lang='lat' dir='ltr'>sentcntiae,</span> <span class='ocrx_word' id='word_1_95' title='bbox 403 2004 471 2046; x_wconf 93' lang='lat' dir='ltr'>non</span> <span class='ocrx_word' id='word_1_96' title='bbox 503 1979 666 2084; x_wconf 61' lang='lat' dir='ltr'>ferendrg,</span> <span class='ocrx_word' id='word_1_97' title='bbox 689 1985 762 2044; x_wconf 93' lang='lat' dir='ltr'>tum</span> <span class='ocrx_word' id='word_1_98' title='bbox 781 1980 860 2067; x_wconf 90' lang='lat' dir='ltr'>quia</span> <span class='ocrx_word' id='word_1_99' title='bbox 889 1980 923 2043; x_wconf 92' lang='lat' dir='ltr'>in</span> <span class='ocrx_word' id='word_1_100' title='bbox 948 1979 1083 2046; x_wconf 89' lang='lat' dir='ltr'>decreto</span> <span class='ocrx_word' id='word_1_101' title='bbox 1105 1980 1319 2048; x_wconf 90' lang='lat' dir='ltr'>Clementino</span> 
     </span>
     <span class='ocr_line' id='line_1_15' title="bbox 196 2094 1320 2185; baseline 0.003 -27"><span class='ocrx_word' id='word_1_102' title='bbox 196 2094 292 2159; x_wconf 88' lang='lat' dir='ltr'>adest</span> <span class='ocrx_word' id='word_1_103' title='bbox 315 2094 519 2160; x_wconf 87' lang='lat' dir='ltr'>vocabulum</span> <span class='ocrx_word' id='word_1_104' title='bbox 551 2096 745 2178; x_wconf 83' lang='lat' dir='ltr'>incurrant,</span> <span class='ocrx_word' id='word_1_105' title='bbox 768 2115 834 2158; x_wconf 95' lang='lat' dir='ltr'>non</span> <span class='ocrx_word' id='word_1_106' title='bbox 867 2116 947 2158; x_wconf 89' lang='lat' dir='ltr'>vero</span> <span class='ocrx_word' id='word_1_107' title='bbox 975 2095 1165 2179; x_wconf 87' lang='lat' dir='ltr'>incurrent,</span> <span class='ocrx_word' id='word_1_108' title='bbox 1186 2103 1226 2161; x_wconf 92' lang='lat' dir='ltr'>ut</span> <span class='ocrx_word' id='word_1_109' title='bbox 1245 2097 1320 2185; x_wconf 95' lang='lat' dir='ltr'>qui-</span> 
     </span>
     <span class='ocr_line' id='line_1_16' title="bbox 197 2189 1321 2295; baseline 0.003 -23"><span class='ocrx_word' id='word_1_110' title='bbox 197 2209 274 2273; x_wconf 91' lang='lat' dir='ltr'>dam</span> <span class='ocrx_word' id='word_1_111' title='bbox 294 2207 380 2274; x_wconf 90' lang='lat' dir='ltr'>salso</span> <span class='ocrx_word' id='word_1_112' title='bbox 399 2209 586 2289; x_wconf 65' lang='lat' dir='ltr'>dixerunt’,</span> <span class='ocrx_word' id='word_1_113' title='bbox 609 2215 682 2272; x_wconf 92' lang='lat' dir='ltr'>tum</span> <span class='ocrx_word' id='word_1_114' title='bbox 707 2207 786 2295; x_wconf 90' lang='lat' dir='ltr'>quia</span> <span class='ocrx_word' id='word_1_115' title='bbox 815 2189 1019 2273; x_wconf 74' lang='lat' dir='ltr'>Benedictus</span> <span class='ocrx_word' id='word_1_116' title='bbox 1046 2207 1136 2290; x_wconf 90' lang='lat' dir='ltr'>XIV,</span> <span class='ocrx_word' id='word_1_117' title='bbox 1165 2209 1199 2272; x_wconf 93' lang='lat' dir='ltr'>in</span> <span class='ocrx_word' id='word_1_118' title='bbox 1227 2209 1321 2275; x_wconf 92' lang='lat' dir='ltr'>bulla</span> 
     </span>
     <span class='ocr_line' id='line_1_17' title="bbox 195 2303 1320 2410; baseline 0.003 -24"><span class='ocrx_word' id='word_1_119' title='bbox 195 2324 366 2408; x_wconf 77' lang='lat' dir='ltr'>Impositi,</span> <span class='ocrx_word' id='word_1_120' title='bbox 394 2327 410 2407; x_wconf 57' lang='grc' dir='ltr'>ᾗ·</span> <span class='ocrx_word' id='word_1_121' title='bbox 436 2322 489 2404; x_wconf 86' lang='lat' dir='ltr'>ll,</span> <span class='ocrx_word' id='word_1_122' title='bbox 523 2303 682 2410; x_wconf 85' lang='lat' dir='ltr'>expresse</span> <span class='ocrx_word' id='word_1_123' title='bbox 709 2321 897 2386; x_wconf 83' lang='lat' dir='ltr'>declaravit</span> <span class='ocrx_word' id='word_1_124' title='bbox 922 2321 984 2386; x_wconf 92' lang='lat' dir='ltr'>has</span> <span class='ocrx_word' id='word_1_125' title='bbox 1007 2343 1126 2409; x_wconf 89' lang='lat' dir='ltr'>poenas</span> <span class='ocrx_word' id='word_1_126' title='bbox 1150 2345 1225 2388; x_wconf 88' lang='lat' dir='ltr'>esse</span> <span class='ocrx_word' id='word_1_127' title='bbox 1246 2323 1320 2390; x_wconf 77' lang='lat' dir='ltr'>lata</span> 
     </span>
     <span class='ocr_line' id='line_1_18' title="bbox 194 2435 1321 2522; baseline 0.002 -21"><span class='ocrx_word' id='word_1_128' title='bbox 194 2439 376 2502; x_wconf 82' lang='lat' dir='ltr'>sentcntiae.</span> <span class='ocrx_word' id='word_1_129' title='bbox 399 2475 442 2486; x_wconf 92' lang='lat'>-</span> <span class='ocrx_word' id='word_1_130' title='bbox 462 2435 560 2516; x_wconf 87' lang='lat' dir='ltr'>Quod</span> <span class='ocrx_word' id='word_1_131' title='bbox 584 2436 613 2500; x_wconf 90' lang='lat' dir='ltr'>si</span> <span class='ocrx_word' id='word_1_132' title='bbox 633 2435 785 2522; x_wconf 89' lang='lat' dir='ltr'>superior</span> <span class='ocrx_word' id='word_1_133' title='bbox 804 2435 971 2521; x_wconf 87' lang='lat' dir='ltr'>regularis</span> <span class='ocrx_word' id='word_1_134' title='bbox 995 2435 1147 2522; x_wconf 81' lang='lat' dir='ltr'>legitime</span> <span class='ocrx_word' id='word_1_135' title='bbox 1171 2435 1321 2503; x_wconf 90' lang='lat' dir='ltr'>dimittat</span> 
     </span>
     <span class='ocr_line' id='line_1_19' title="bbox 196 2549 1317 2638; baseline -0.001 -21"><span class='ocrx_word' id='word_1_136' title='bbox 196 2550 371 2618; x_wconf 84' lang='lat' dir='ltr'>subditum</span> <span class='ocrx_word' id='word_1_137' title='bbox 394 2551 437 2615; x_wconf 93' lang='lat' dir='ltr'>ad</span> <span class='ocrx_word' id='word_1_138' title='bbox 461 2551 658 2638; x_wconf 90' lang='lat' dir='ltr'>episcopum</span> <span class='ocrx_word' id='word_1_139' title='bbox 682 2549 831 2613; x_wconf 89' lang='lat' dir='ltr'>alienum</span> <span class='ocrx_word' id='word_1_140' title='bbox 855 2571 931 2613; x_wconf 91' lang='lat' dir='ltr'>cum</span> <span class='ocrx_word' id='word_1_141' title='bbox 955 2550 1173 2638; x_wconf 88' lang='lat' dir='ltr'>expressione</span> <span class='ocrx_word' id='word_1_142' title='bbox 1195 2573 1317 2634; x_wconf 82' lang='lat' dir='ltr'>causae,</span> 
     </span>
     <span class='ocr_line' id='line_1_20' title="bbox 196 2661 1320 2754; baseline 0 -24"><span class='ocrx_word' id='word_1_143' title='bbox 196 2667 255 2731; x_wconf 90' lang='lat' dir='ltr'>sed</span> <span class='ocrx_word' id='word_1_144' title='bbox 271 2667 343 2731; x_wconf 87' lang='lat' dir='ltr'>sine</span> <span class='ocrx_word' id='word_1_145' title='bbox 363 2664 537 2754; x_wconf 87' lang='lat' dir='ltr'>requisitis</span> <span class='ocrx_word' id='word_1_146' title='bbox 555 2687 574 2729; x_wconf 91' lang='lat' dir='ltr'>a</span> <span class='ocrx_word' id='word_1_147' title='bbox 595 2661 778 2728; x_wconf 86' lang='lat' dir='ltr'>Benedicta</span> <span class='ocrx_word' id='word_1_148' title='bbox 795 2661 875 2727; x_wconf 89' lang='lat' dir='ltr'>XIV</span> <span class='ocrx_word' id='word_1_149' title='bbox 894 2663 1182 2746; x_wconf 88' lang='lat' dir='ltr'>attestationibus,</span> <span class='ocrx_word' id='word_1_150' title='bbox 1205 2665 1320 2730; x_wconf 93' lang='lat' dir='ltr'>dimis-</span> 
     </span>
     <span class='ocr_line' id='line_1_21' title="bbox 196 2777 1320 2868; baseline -0.001 -24"><span class='ocrx_word' id='word_1_151' title='bbox 196 2781 293 2845; x_wconf 86' lang='lat' dir='ltr'>soriae</span> <span class='ocrx_word' id='word_1_152' title='bbox 320 2779 459 2868; x_wconf 91' lang='lat' dir='ltr'>quidem</span> <span class='ocrx_word' id='word_1_153' title='bbox 485 2778 587 2843; x_wconf 83' lang='lat' dir='ltr'>nullae</span> <span class='ocrx_word' id='word_1_154' title='bbox 611 2783 707 2858; x_wconf 90' lang='lat' dir='ltr'>sunt,</span> <span class='ocrx_word' id='word_1_155' title='bbox 737 2777 796 2841; x_wconf 91' lang='lat' dir='ltr'>sed</span> <span class='ocrx_word' id='word_1_156' title='bbox 823 2777 976 2865; x_wconf 87' lang='lat' dir='ltr'>superior</span> <span class='ocrx_word' id='word_1_157' title='bbox 996 2777 1125 2842; x_wconf 93' lang='lat' dir='ltr'>nullam</span> <span class='ocrx_word' id='word_1_158' title='bbox 1145 2778 1247 2843; x_wconf 91' lang='lat' dir='ltr'>aliam</span> <span class='ocrx_word' id='word_1_159' title='bbox 1267 2779 1320 2843; x_wconf 96' lang='lat' dir='ltr'>in-</span> 
     </span>
     <span class='ocr_line' id='line_1_22' title="bbox 195 2890 1113 2981; baseline -0.002 -23"><span class='ocrx_word' id='word_1_160' title='bbox 195 2896 299 2959; x_wconf 90' lang='lat' dir='ltr'>currit</span> <span class='ocrx_word' id='word_1_161' title='bbox 318 2915 467 2981; x_wconf 81' lang='lat' dir='ltr'>poenam,</span> <span class='ocrx_word' id='word_1_162' title='bbox 489 2891 610 2956; x_wconf 88' lang='lat' dir='ltr'>silente</span> <span class='ocrx_word' id='word_1_163' title='bbox 625 2890 687 2955; x_wconf 91' lang='lat' dir='ltr'>hac</span> <span class='ocrx_word' id='word_1_164' title='bbox 708 2890 749 2954; x_wconf 88' lang='lat' dir='ltr'>de</span> <span class='ocrx_word' id='word_1_165' title='bbox 768 2913 804 2955; x_wconf 87' lang='lat' dir='ltr'>re</span> <span class='ocrx_word' id='word_1_166' title='bbox 820 2891 1003 2956; x_wconf 88' lang='lat' dir='ltr'>Benedicto</span> <span class='ocrx_word' id='word_1_167' title='bbox 1023 2890 1113 2956; x_wconf 92' lang='lat' dir='ltr'><strong>XIV.</strong></span> 
     </span>
    </p>

    <p class='ocr_par' dir='ltr' id='par_1_5' title="bbox 191 3004 1320 4118">
     <span class='ocr_line' id='line_1_23' title="bbox 241 3004 1319 3095; baseline -0.001 -22"><span class='ocrx_word' id='word_1_168' title='bbox 241 3010 278 3073; x_wconf 92' lang='lat' dir='ltr'>B.</span> <span class='ocrx_word' id='word_1_169' title='bbox 302 3007 422 3086; x_wconf 92' lang='lat' dir='ltr'>Quoad</span> <span class='ocrx_word' id='word_1_170' title='bbox 442 3007 619 3095; x_wconf 88' lang='lat' dir='ltr'>episcopos</span> <span class='ocrx_word' id='word_1_171' title='bbox 639 3004 779 3084; x_wconf 91' lang='lat' dir='ltr'>alienos,</span> <span class='ocrx_word' id='word_1_172' title='bbox 802 3005 860 3092; x_wconf 93' lang='lat' dir='ltr'>qui</span> <span class='ocrx_word' id='word_1_173' title='bbox 879 3004 1038 3070; x_wconf 92' lang='lat' dir='ltr'>ordinant</span> <span class='ocrx_word' id='word_1_174' title='bbox 1057 3005 1168 3070; x_wconf 89' lang='lat' dir='ltr'>virum</span> <span class='ocrx_word' id='word_1_175' title='bbox 1188 3008 1319 3094; x_wconf 85' lang='lat' dir='ltr'>regula·</span> 
     </span>
     <span class='ocr_line' id='line_1_24' title="bbox 195 3117 1320 3205; baseline 0 -19"><span class='ocrx_word' id='word_1_176' title='bbox 195 3144 282 3194; x_wconf 84' lang='lat' dir='ltr'>rem,</span> <span class='ocrx_word' id='word_1_177' title='bbox 304 3121 359 3186; x_wconf 91' lang='lat' dir='ltr'>vel</span> <span class='ocrx_word' id='word_1_178' title='bbox 380 3121 453 3184; x_wconf 90' lang='lat' dir='ltr'>sinc</span> <span class='ocrx_word' id='word_1_179' title='bbox 473 3117 674 3183; x_wconf 89' lang='lat' dir='ltr'>dimissoriis</span> <span class='ocrx_word' id='word_1_180' title='bbox 694 3117 747 3182; x_wconf 90' lang='lat' dir='ltr'>sui</span> <span class='ocrx_word' id='word_1_181' title='bbox 767 3117 949 3205; x_wconf 89' lang='lat' dir='ltr'>superioris</span> <span class='ocrx_word' id='word_1_182' title='bbox 968 3117 1150 3205; x_wconf 86' lang='lat' dir='ltr'>regularis,</span> <span class='ocrx_word' id='word_1_183' title='bbox 1172 3119 1226 3184; x_wconf 89' lang='lat' dir='ltr'>vel</span> <span class='ocrx_word' id='word_1_184' title='bbox 1247 3121 1320 3186; x_wconf 90' lang='lat' dir='ltr'>sine</span> 
     </span>
     <span class='ocr_line' id='line_1_25' title="bbox 194 3231 1319 3322; baseline -0.001 -23"><span class='ocrx_word' id='word_1_185' title='bbox 194 3235 347 3322; x_wconf 87' lang='lat' dir='ltr'>legitima</span> <span class='ocrx_word' id='word_1_186' title='bbox 367 3257 484 3313; x_wconf 89' lang='lat' dir='ltr'>causa,</span> <span class='ocrx_word' id='word_1_187' title='bbox 506 3232 561 3298; x_wconf 78' lang='lat' dir='ltr'>vel</span> <span class='ocrx_word' id='word_1_188' title='bbox 582 3231 654 3296; x_wconf 90' lang='lat' dir='ltr'>sine</span> <span class='ocrx_word' id='word_1_189' title='bbox 670 3232 887 3320; x_wconf 84' lang='lat' dir='ltr'>expressione</span> <span class='ocrx_word' id='word_1_190' title='bbox 907 3255 1033 3312; x_wconf 80' lang='lat' dir='ltr'>causae,</span> <span class='ocrx_word' id='word_1_191' title='bbox 1056 3233 1110 3298; x_wconf 91' lang='lat' dir='ltr'>vel</span> <span class='ocrx_word' id='word_1_192' title='bbox 1132 3233 1203 3298; x_wconf 90' lang='lat' dir='ltr'>sine</span> <span class='ocrx_word' id='word_1_193' title='bbox 1224 3232 1319 3299; x_wconf 92' lang='lat' dir='ltr'>debi-</span> 
     </span>
     <span class='ocr_line' id='line_1_26' title="bbox 194 3345 1316 3432; baseline 0 -18"><span class='ocrx_word' id='word_1_194' title='bbox 194 3351 239 3414; x_wconf 88' lang='lat' dir='ltr'>tis</span> <span class='ocrx_word' id='word_1_195' title='bbox 258 3347 547 3429; x_wconf 61' lang='lat' dir='ltr'>attestationibus</span> <span class='ocrx_word' id='word_1_196' title='bbox 565 3347 742 3411; x_wconf 92' lang='lat' dir='ltr'>incurrunt</span> <span class='ocrx_word' id='word_1_197' title='bbox 761 3345 1018 3432; x_wconf 87' lang='lat' dir='ltr'>suspensionem</span> <span class='ocrx_word' id='word_1_198' title='bbox 1033 3345 1137 3411; x_wconf 90' lang='lat' dir='ltr'>latam</span> <span class='ocrx_word' id='word_1_199' title='bbox 1153 3347 1187 3410; x_wconf 89' lang='lat' dir='ltr'>in</span> <span class='ocrx_word' id='word_1_200' title='bbox 1207 3356 1316 3414; x_wconf 92' lang='lat' dir='ltr'>const.</span> 
     </span>
     <span class='ocr_line' id='line_1_27' title="bbox 194 3461 1319 3550; baseline 0.001 -24"><span class='ocrx_word' id='word_1_201' title='bbox 194 3463 394 3549; x_wconf 80' lang='lat' dir='ltr'>Apostolicae</span> <span class='ocrx_word' id='word_1_202' title='bbox 414 3461 525 3540; x_wconf 88' lang='lat' dir='ltr'>Sedis,</span> <span class='ocrx_word' id='word_1_203' title='bbox 547 3462 595 3525; x_wconf 89' lang='lat' dir='ltr'>De</span> <span class='ocrx_word' id='word_1_204' title='bbox 614 3461 905 3546; x_wconf 80' lang='lat' dir='ltr'>suspensionibus,</span> <span class='ocrx_word' id='word_1_205' title='bbox 932 3481 965 3524; x_wconf 91' lang='lat' dir='ltr'>n.</span> <span class='ocrx_word' id='word_1_206' title='bbox 993 3461 1030 3540; x_wconf 90' lang='lat'>3,</span> <span class='ocrx_word' id='word_1_207' title='bbox 1053 3469 1170 3526; x_wconf 90' lang='lat' dir='ltr'>contra</span> <span class='ocrx_word' id='word_1_208' title='bbox 1191 3463 1319 3550; x_wconf 91' lang='lat' dir='ltr'>episco-</span> 
     </span>
     <span class='ocr_line' id='line_1_28' title="bbox 192 3573 1318 3666; baseline -0.002 -24"><span class='ocrx_word' id='word_1_209' title='bbox 192 3601 255 3666; x_wconf 92' lang='lat' dir='ltr'>pos</span> <span class='ocrx_word' id='word_1_210' title='bbox 274 3577 470 3642; x_wconf 82' lang='lat' dir='ltr'>ordinantes</span> <span class='ocrx_word' id='word_1_211' title='bbox 497 3575 645 3640; x_wconf 91' lang='lat' dir='ltr'>alienum</span> <span class='ocrx_word' id='word_1_212' title='bbox 673 3573 847 3638; x_wconf 90' lang='lat' dir='ltr'>subditum</span> <span class='ocrx_word' id='word_1_213' title='bbox 867 3573 939 3638; x_wconf 93' lang='lat' dir='ltr'>sine</span> <span class='ocrx_word' id='word_1_214' title='bbox 968 3573 1169 3640; x_wconf 89' lang='lat' dir='ltr'>dimissoriis</span> <span class='ocrx_word' id='word_1_215' title='bbox 1195 3575 1318 3642; x_wconf 90' lang='lat' dir='ltr'>litteris</span> 
     </span>
     <span class='ocr_line' id='line_1_29' title="bbox 192 3687 1317 3778; baseline -0.001 -22"><span class='ocrx_word' id='word_1_216' title='bbox 192 3693 266 3778; x_wconf 90' lang='lat' dir='ltr'>ejus</span> <span class='ocrx_word' id='word_1_217' title='bbox 300 3690 485 3770; x_wconf 91' lang='lat' dir='ltr'>Ordinarii;</span> <span class='ocrx_word' id='word_1_218' title='bbox 521 3697 555 3755; x_wconf 89' lang='lat' dir='ltr'>et</span> <span class='ocrx_word' id='word_1_219' title='bbox 588 3689 616 3754; x_wconf 93' lang='lat' dir='ltr'>si</span> <span class='ocrx_word' id='word_1_220' title='bbox 652 3689 720 3754; x_wconf 88' lang='lat' dir='ltr'>sint</span> <span class='ocrx_word' id='word_1_221' title='bbox 755 3687 904 3776; x_wconf 88' lang='lat' dir='ltr'>episcopi</span> <span class='ocrx_word' id='word_1_222' title='bbox 938 3687 1110 3770; x_wconf 88' lang='lat' dir='ltr'>titulares,</span> <span class='ocrx_word' id='word_1_223' title='bbox 1142 3689 1317 3755; x_wconf 89' lang='lat' dir='ltr'>incurrunt</span> 
     </span>
     <span class='ocr_line' id='line_1_30' title="bbox 192 3801 1313 3893; baseline -0.002 -23"><span class='ocrx_word' id='word_1_224' title='bbox 192 3805 449 3893; x_wconf 87' lang='lat' dir='ltr'>suspensionem</span> <span class='ocrx_word' id='word_1_225' title='bbox 472 3803 617 3868; x_wconf 87' lang='lat' dir='ltr'>latama</span> <span class='ocrx_word' id='word_1_226' title='bbox 645 3825 739 3867; x_wconf 89' lang='lat' dir='ltr'>conc.</span> <span class='ocrx_word' id='word_1_227' title='bbox 766 3801 872 3879; x_wconf 83' lang='lat' dir='ltr'>Trid,</span> <span class='ocrx_word' id='word_1_228' title='bbox 902 3823 976 3888; x_wconf 88' lang='lat' dir='ltr'>cap.</span> <span class='ocrx_word' id='word_1_229' title='bbox 1003 3801 1050 3865; x_wconf 87' lang='lat' dir='ltr'>Et</span> <span class='ocrx_word' id='word_1_230' title='bbox 1079 3805 1257 3888; x_wconf 85' lang='lat' dir='ltr'>quoniam,</span> <span class='ocrx_word' id='word_1_231' title='bbox 1281 3805 1313 3886; x_wconf 85' lang='lat'>2,</span> 
     </span>
     <span class='ocr_line' id='line_1_31' title="bbox 192 3915 1312 4006; baseline -0.001 -22"><span class='ocrx_word' id='word_1_232' title='bbox 192 3943 276 3984; x_wconf 76' lang='lat' dir='ltr'>sess</span> <span class='ocrx_word' id='word_1_233' title='bbox 305 3918 395 3998; x_wconf 84' lang='lat' dir='ltr'>xlv,</span> <span class='ocrx_word' id='word_1_234' title='bbox 425 3919 475 3983; x_wconf 81' lang='lat' dir='ltr'>Du</span> <span class='ocrx_word' id='word_1_235' title='bbox 502 3938 572 3982; x_wconf 83' lang='lat' dir='ltr'>aur.</span> <span class='ocrx_word' id='word_1_236' title='bbox 603 3915 658 4002; x_wconf 78' lang='lat' dir='ltr'>(de</span> <span class='ocrx_word' id='word_1_237' title='bbox 685 3915 808 4005; x_wconf 89' lang='lat' dir='ltr'>quibus</span> <span class='ocrx_word' id='word_1_238' title='bbox 832 3915 942 4003; x_wconf 79' lang='lat' dir='ltr'>poenis</span> <span class='ocrx_word' id='word_1_239' title='bbox 968 3915 1045 3980; x_wconf 80' lang='lat' dir='ltr'>vide</span> <span class='ocrx_word' id='word_1_240' title='bbox 1074 3916 1163 3982; x_wconf 87' lang='lat' dir='ltr'>dicta</span> <span class='ocrx_word' id='word_1_241' title='bbox 1195 3941 1312 4006; x_wconf 90' lang='lat' dir='ltr'>supra,</span> 
     </span>
     <span class='ocr_line' id='line_1_32' title="bbox 191 4029 1314 4118; baseline 0.002 -22"><span class='ocrx_word' id='word_1_242' title='bbox 191 4056 225 4098; x_wconf 92' lang='lat' dir='ltr'>n.</span> <span class='ocrx_word' id='word_1_243' title='bbox 256 4033 327 4115; x_wconf 82' lang='lat'>62,</span> <span class='ocrx_word' id='word_1_244' title='bbox 348 4032 414 4108; x_wconf 68' lang='lat'>2⁰).</span> <span class='ocrx_word' id='word_1_245' title='bbox 449 4032 548 4097; x_wconf 88' lang='lat' dir='ltr'>Ratio</span> <span class='ocrx_word' id='word_1_246' title='bbox 577 4038 630 4095; x_wconf 89' lang='lat' dir='ltr'>est</span> <span class='ocrx_word' id='word_1_247' title='bbox 657 4037 728 4095; x_wconf 89' lang='lat' dir='ltr'>tum</span> <span class='ocrx_word' id='word_1_248' title='bbox 749 4031 827 4118; x_wconf 89' lang='lat' dir='ltr'>quia</span> <span class='ocrx_word' id='word_1_249' title='bbox 856 4030 890 4093; x_wconf 95' lang='lat' dir='ltr'>in</span> <span class='ocrx_word' id='word_1_250' title='bbox 920 4029 973 4093; x_wconf 92' lang='lat' dir='ltr'>his</span> <span class='ocrx_word' id='word_1_251' title='bbox 1001 4029 1136 4095; x_wconf 91' lang='lat' dir='ltr'>casibus</span> <span class='ocrx_word' id='word_1_252' title='bbox 1164 4033 1219 4096; x_wconf 90' lang='lat' dir='ltr'>vel</span> <span class='ocrx_word' id='word_1_253' title='bbox 1247 4055 1314 4098; x_wconf 93' lang='lat' dir='ltr'>non</span> 
     </span>
    </p>
   </div>
   <div class='ocr_carea' id='block_1_3' title="bbox 222 4203 1153 4344">
    <p class='ocr_par' dir='ltr' id='par_1_6' title="bbox 222 4203 1153 4344">
     <span class='ocr_line' id='line_1_33' title="bbox 223 4203 1153 4264; baseline -0.003 -9"><span class='ocrx_word' id='word_1_254' title='bbox 223 4209 231 4240; x_wconf 89' lang='lat'><strong>¹</strong></span> <span class='ocrx_word' id='word_1_255' title='bbox 250 4207 354 4263; x_wconf 86' lang='lat' dir='ltr'>Quibus</span> <span class='ocrx_word' id='word_1_256' title='bbox 369 4207 466 4255; x_wconf 89' lang='lat' dir='ltr'>tertius</span> <span class='ocrx_word' id='word_1_257' title='bbox 481 4207 620 4254; x_wconf 85' lang='lat' dir='ltr'>addendus</span> <span class='ocrx_word' id='word_1_258' title='bbox 635 4209 689 4260; x_wconf 82' lang='lat' dir='ltr'>est,</span> <span class='ocrx_word' id='word_1_259' title='bbox 706 4219 738 4252; x_wconf 89' lang='lat' dir='ltr'>cx</span> <span class='ocrx_word' id='word_1_260' title='bbox 753 4205 875 4252; x_wconf 88' lang='lat' dir='ltr'>dicendis</span> <span class='ocrx_word' id='word_1_261' title='bbox 890 4203 971 4262; x_wconf 84' lang='lat' dir='ltr'>intra,</span> <span class='ocrx_word' id='word_1_262' title='bbox 989 4218 1014 4251; x_wconf 94' lang='lat' dir='ltr'>n.</span> <span class='ocrx_word' id='word_1_263' title='bbox 1030 4203 1102 4264; x_wconf 77' lang='lat' dir='ltr'>lsi,</span> <span class='ocrx_word' id='word_1_264' title='bbox 1117 4211 1153 4253; x_wconf 78' lang='lat'>2⁰.</span> 
     </span>
     <span class='ocr_line' id='line_1_34' title="bbox 222 4281 1007 4344; baseline -0.005 -12"><span class='ocrx_word' id='word_1_265' title='bbox 222 4286 233 4319; x_wconf 91' lang='lat'>²</span> <span class='ocrx_word' id='word_1_266' title='bbox 252 4284 289 4333; x_wconf 88' lang='lat' dir='ltr'>Ut</span> <span class='ocrx_word' id='word_1_267' title='bbox 304 4287 394 4334; x_wconf 86' lang='lat' dir='ltr'>narret</span> <span class='ocrx_word' id='word_1_268' title='bbox 409 4283 571 4333; x_wconf 86' lang='lat' dir='ltr'>Benedictus</span> <span class='ocrx_word' id='word_1_269' title='bbox 587 4282 659 4336; x_wconf 82' lang='lat' dir='ltr'>xlv,</span> <span class='ocrx_word' id='word_1_270' title='bbox 676 4284 702 4330; x_wconf 92' lang='lat' dir='ltr'>in</span> <span class='ocrx_word' id='word_1_271' title='bbox 718 4283 790 4330; x_wconf 90' lang='lat' dir='ltr'>bulla</span> <span class='ocrx_word' id='word_1_272' title='bbox 805 4281 942 4344; x_wconf 87' lang='lat' dir='ltr'>Impositi,</span> <span class='ocrx_word' id='word_1_273' title='bbox 958 4287 969 4340; x_wconf 61' lang='lat' dir='ltr'>ti</span> <span class='ocrx_word' id='word_1_274' title='bbox 984 4286 1007 4328; x_wconf 84' lang='lat'>9.</span> 
     </span>
    </p>
   </div>
   <div class='ocr_carea' id='block_1_4' title="bbox 286 4381 1171 4431">
    <p class='ocr_par' dir='ltr' id='par_1_7' title="bbox 286 4381 1171 4431">
     <span class='ocr_line' id='line_1_35' title="bbox 286 4381 1171 4431; baseline 0 -1"><span class='ocrx_word' id='word_1_275' title='bbox 286 4399 366 4431; x_wconf 74' lang='lat' dir='ltr'>sacas</span> <span class='ocrx_word' id='word_1_276' title='bbox 381 4397 500 4431; x_wconf 76' lang='lat' dir='ltr'>cantuar.</span> <span class='ocrx_word' id='word_1_277' title='bbox 898 4391 902 4400; x_wconf 91' lang='grc'><em>“</em></span> <span class='ocrx_word' id='word_1_278' title='bbox 1138 4381 1171 4431; x_wconf 68' lang='lat'>25</span> 
     </span>
    </p>
   </div>
   <div class='ocr_carea' id='block_1_5' title="bbox 0 0 1652 5054">
    <p class='ocr_par' dir='ltr' id='par_1_8' title="bbox 0 0 1652 5054">
     <span class='ocr_line' id='line_1_36' title="bbox 0 0 1652 5054; baseline 0 0"><span class='ocrx_word' id='word_1_279' title='bbox 0 0 1652 5054; x_wconf 95' lang='lat' dir='ltr'> </span> 
     </span>
    </p>
   </div>
  </div>
 </body>
</html>
