3300 5056
544 487 589 538 DE
608 487 767 540 sumucno
786 481 1024 538 ORDlNATIONlS
1278 471 1328 524 201

204 625 411 715 (Innocentii
426 627 502 716 lll).
520 627 667 708 Quidam
685 637 859 718 receperat
878 628 1012 693 ordines
1032 625 1180 690 minores
1199 626 1234 684 et
1252 615 1331 683 sub-

205 739 423 807 diaconatum
441 751 518 808 ante
538 767 644 810 annos
662 746 872 811 discretionis
879 763 894 828 ;
913 749 1031 833 postea
1050 745 1181 820 autem,
1203 733 1330 800 omisso

204 853 402 936 diaconatu,
424 857 552 946 recepit
574 857 859 948 presbyteratum.
882 857 986 922 Porro
1011 851 1247 930 Innocentius,
1268 848 1331 913 hac

204 967 302 1033 dere
322 969 518 1052 consultus,
540 973 716 1061 respondit
738 973 899 1039 clericum
922 971 1020 1036 illum
1043 967 1191 1055 recipere
1208 961 1331 1029 debere

205 1082 438 1164 diaconatum,
470 1092 504 1150 et
532 1087 723 1154 ministrare
750 1109 852 1176 posse
880 1087 914 1151 in
943 1085 1060 1150 ordine
1088 1077 1329 1171 presbyterali,

205 1197 289 1282 quin
307 1204 421 1262 actum
439 1197 541 1265 fuerit
555 1200 597 1266 de
616 1201 778 1266 iterandis
797 1199 973 1266 ordinibus
992 1195 1180 1263 minoribus
1200 1200 1234 1259 et
1253 1189 1331 1258 sub-

205 1309 397 1376 diaconatu.
417 1311 505 1400 Ergo
527 1313 745 1380 innocentius
764 1313 972 1380 existimavit
990 1313 1053 1377 hos
1073 1309 1209 1375 ordines
1226 1305 1331 1372 fuisse

204 1423 317 1490 valide
342 1433 508 1514 receptos.
538 1467 584 1476 —
610 1428 667 1496 Me
695 1452 764 1494 non
792 1429 877 1495 latet
904 1428 992 1494 hane
1020 1424 1227 1491 locutionem
1254 1427 1332 1485 ante

204 1561 311 1604 annos
340 1538 550 1606 discretionis
581 1565 650 1608 non
681 1542 872 1631 significare
902 1540 1093 1608 necessario
1125 1545 1203 1604 ante
1233 1555 1332 1600 usum

206 1653 348 1718 rationis
356 1673 370 1738 ,¹
396 1660 548 1721 attamen
572 1679 650 1722 cum
674 1657 895 1724 Innocentius
922 1679 992 1722 non
1015 1652 1184 1721 curaverit
1207 1649 1332 1737 inquiri

204 1773 319 1832 utrum
339 1767 476 1834 ordines
494 1771 622 1859 recepti
641 1771 767 1837 fuerint
785 1780 862 1838 ante
881 1771 937 1836 vel
951 1779 1030 1858 post
1048 1791 1147 1834 usum
1171 1764 1329 1845 rationis,

204 1879 342 1968 signum
361 1889 416 1948 est
428 1883 542 1970 ipsum
556 1883 806 1951 existimavisse
820 1887 883 1950 hos
900 1885 1036 1949 ordines
1050 1881 1162 1948 valide
1177 1884 1332 1966 receptos

205 1994 322 2075 fuisse,
340 1996 413 2062 sive
431 2005 509 2062 ante
527 1997 600 2062 sive
614 2007 694 2084 post
712 2023 813 2065 usum
831 1999 974 2065 rationis
992 1996 1120 2085 recepti
1134 1993 1270 2062 fuerint.
1287 2029 1332 2042 -

205 2107 383 2190 Ceterum,
405 2117 445 2175 ut
466 2110 597 2199 patebit
620 2136 661 2178 ex
682 2113 840 2178 dicendis'
855 2113 958 2194 infra,
980 2109 1039 2177 ubi
1062 2111 1103 2176 de
1127 2115 1222 2174 etate
1241 2107 1332 2172 ordi·

205 2223 399 2288 nandorum
416 2223 468 2312 (n,
485 2224 572 2312 83),
590 2225 672 2291 ordo
690 2227 875 2293 lectoratus
894 2225 1077 2314 aliquando
1096 2219 1332 2290 conferebatur

205 2334 308 2400 etiam
327 2344 407 2402 ante
427 2339 654 2428 septennium.

250 2449 290 2515 B.
303 2449 508 2518 Benedictus
523 2453 603 2518 XIV
615 2453 719 2520 tradit
733 2455 823 2544 apud
834 2453 985 2544 Cophtos
1000 2456 1223 2520 inveteratam
1238 2449 1332 2514 inva-

204 2563 311 2629 luisse
325 2567 608 2633 consuetudinem
623 2569 818 2634 conferendi
833 2569 1023 2650 infantulis,
1040 2575 1075 2632 ct
1093 2567 1196 2632 etiam
1215 2564 1333 2628 imme-

205 2677 297 2744 diate
315 2685 395 2767 post
409 2678 630 2768 baptismum,
648 2705 761 2748 omnes
781 2684 915 2748 ordines
936 2705 1040 2770 usque
1059 2682 1103 2746 ad
1117 2681 1333 2745 diaconatum

206 2791 393 2858 inclusive:
412 2795 505 2882 quod
528 2791 741 2879 demonstrat
762 2797 865 2862 variis
889 2797 982 2861 omni
1006 2795 1205 2884 exceptione
1228 2789 1334 2877 majo-

205 2903 300 2970 ribus
319 2905 557 2976 testimoniis¹.
578 2909 684 2974 Porro
703 2911 921 2976 doctissimus
940 2909 1093 2998 pontifex
1117 2906 1212 2972 nullo
1232 2902 1333 2968 modo

206 3027 344 3084 revocat
363 3020 398 3084 in
417 3019 558 3087 dubium
578 3023 729 3088 valorem
748 3024 869 3089 harum
888 3023 1151 3102 ordinationum,
1168 3020 1240 3102 sed,
1257 3041 1333 3108 pro-

205 3133 277 3198 lato
298 3161 313 3193 a
336 3135 496 3200 concordi
514 3137 751 3224 theologorum
770 3145 805 3203 et
823 3139 1076 3204 canonistarum
1095 3134 1256 3222 suffragio
1277 3161 1293 3195 ιι
1307 3137 1331 3216 ¹,

206 3246 268 3312 has
287 3249 415 3314 validas
434 3251 607 3338 supponit,
624 3260 659 3316 et
678 3253 770 3317 varia
784 3251 936 3319 decernit
954 3253 1042 3317 circa
1062 3274 1162 3317 usum
1177 3249 1333 3315 ordinum

206 3361 256 3426 sic
279 3361 498 3444 collatorum,
524 3371 559 3429 ct
583 3388 669 3430 onus
693 3365 868 3432 caelibatus
890 3367 943 3431 his
967 3387 1151 3432 annexum.
1172 3401 1216 3414 -
1235 3360 1333 3443 Quod

207 3476 334 3564 pariter
366 3477 445 3542 fecit
482 3477 573 3543 idem
598 3479 754 3568 pontifex
786 3481 821 3546 in
855 3481 1000 3568 epistola
1032 3480 1135 3545 Anno
1168 3485 1331 3560 vertente,

209 3591 250 3657 19
265 3589 355 3676 junii
371 3590 469 3672 1750,
487 3591 569 3656 item
583 3593 623 3657 de
642 3594 756 3659 dubiis
770 3595 814 3659 ad
827 3596 1011 3660 Ecclesiam
1028 3593 1240 3680 Copbtorum
1255 3613 1335 3676 per-

208 3705 410 3790 tinentibus,
438 3709 464 3791 §-
479 3707 511 3788 Ἰ,
537 3705 596 3771 ubi
615 3687 749 3795 ‘pariter
773 3714 808 3774 et
830 3708 968 3774 omnino
992 3707 1154 3796 supponit
1177 3705 1334 3794 praefatas

201 3818 439 3884 'ordinationes
458 3841 532 3884 esse
552 3820 699 3904 validas,
717 3829 752 3887 et
770 3821 921 3888 decernit
941 3822 983 3888 de
1003 3845 1104 3888 onere
1123 3820 1299 3887 caelibatus
1308 3819 1331 3883 ³.

239 4063 248 4096 ¹
266 4063 689 4128 benedictuexlv‚eptn01a130
704 4065 842 4130 (frameis,
856 4069 869 4114 1
885 4067 948 4115 mali
963 4070 1033 4124 17t5,
1044 4067 1083 4116 De
1095 4063 1188 4116 dubiis
1202 4063 1237 4112 ad
1252 4062 1335 4112 eccle·

206 4141 276 4192 aiam
292 4143 460 4206 Copbtorum
471 4142 689 4206 pertinentibus,
705 4144 718 4208 ἕ
733 4149 828 4205 17-183
843 4145 917 4194 Ball.
933 4145 1042 4204 Hened„
1059 4149 1080 4194 t.
1095 4161 1115 4202 1,
1133 4159 1160 4193 n.
1176 4147 1231 4192 1²9.

238 4221 250 4256 ¹
267 4220 348 4279 lbid.,
363 4221 377 4285 ξ
391 4227 430 4270 20.

239 4299 251 4334 ⁸
267 4299 341 4348 Bull.
356 4299 467 4358 Bened„
483 4303 503 4350 t.
517 4315 557 4358 ιιι,
574 4316 600 4350 ιι.
616 4306 655 4350 ³0.
