3316 5052
332 424 383 476 320
598 424 642 473 DE
661 423 798 474 LEGIBUS
819 423 932 473 S.ICIIAE
951 423 1188 476 ORDINATIONIS

331 568 655 654 interpretationem.
682 604 726 616 —
750 567 846 632 Unde
872 589 939 631 non
966 575 1046 632 sunt
1072 568 1232 633 audiendi
1255 571 1313 657 qui
1337 570 1454 636 dicunt

330 683 462 748 litteras
492 681 740 747 testimoniales
772 681 911 746 concedi
945 681 1066 746 debere
1097 681 1140 746 ab
1171 683 1245 770 ipso
1275 685 1451 772 episcope,

329 797 467 864 excluso
492 797 617 860 vicario
642 795 809 882 generali,
831 819 864 859 v.
887 819 936 882 g.,
963 795 1164 878 Monacelli,
1191 797 1381 884 Gasparri¹.
1409 800 1452 863 Ili

329 918 483 976 auctores
503 911 659 975 nituntur
677 909 847 974 decisione
867 909 901 975 S.
921 908 1046 996 Congr.
1066 910 1224 991 Concilii,
1242 935 1344 1000 quam
1364 913 1453 999 lege-

328 1035 408 1092 runt
434 1024 524 1113 apud
550 1023 739 1090 Gallemart
765 1023 934 1088 dicentem
966 1025 1008 1088 In
1034 1047 1126 1090 conc.
1156 1025 1264 1108 Trid,
1293 1050 1366 1114 cap.
1395 1049 1451 1092 vm

329 1141 431 1228 (sess.
454 1138 584 1218 XXIII,
603 1139 654 1202 Du
674 1139 842 1224 acroam),
860 1159 893 1201 n.
913 1139 949 1218 5,
972 1139 1007 1202 in
1033 1139 1102 1202 haec
1123 1139 1225 1204 verba
1251 1141 1452 1206 Testimonio

326 1254 636 1319 commendentur:
657 1279 673 1311 a
696 1251 839 1317 Etiamsi
858 1259 973 1315 essent
992 1251 1167 1327 absentee,
1190 1261 1224 1318 et
1247 1255 1289 1318 ad
1314 1255 1451 1320 titulum

325 1367 499 1456 pensionis
519 1367 573 1430 vel
592 1365 789 1452 patrimonii
812 1366 1009 1430 assumendi
1033 1373 1163 1445 essent,
1187 1367 1246 1432 scd
1271 1391 1337 1433 non
1363 1373 1453 1434 testi-

327 1483 438 1546 monio
467 1481 585 1546 vicarii
612 1481 796 1564 petieratis,
827 1482 891 1544 nisi
919 1481 1057 1545 haberet
1082 1483 1224 1566 speciale
1252 1485 1450 1548 mandalum

325 1596 524 1662 concedendi
543 1595 783 1658 dimissorias2.
809 1623 822 1654 l
845 1632 888 1642 —
908 1595 1036 1660 Verum
1059 1595 1130 1660 hrcc
1156 1596 1281 1660 decisio
1306 1600 1450 1662 estsine

324 1712 377 1775 die
405 1720 437 1774 et
465 1709 621 1791 consule,·
650 1708 717 1771 imo
747 1707 842 1772 nullo
868 1708 968 1772 modo
995 1717 1126 1774 certum
1153 1717 1206 1774 est
1232 1711 1302 1774 hare
1328 1710 1447 1791 verba,

324 1849 398 1913 quae
423 1823 532 1888 obiter
555 1822 683 1910 profert
703 1821 907 1904 Gallemart,
929 1823 1052 1888 referre
1078 1823 1284 1889 decisionem
1303 1824 1338 1890 S.
1362 1824 1450 1890 Con-

323 1938 547 2025 gregationiS,
570 1937 804 2024 potiusquam
824 1937 1018 2024 opinionem
1037 1938 1142 2025 ipsius
1163 1938 1361 2004 Gallemart.

369 2055 399 2117 l.
419 2051 538 2132 Quoad
558 2052 720 2136 praelatos
740 2051 931 2135 inferiores,
954 2051 988 2114 in
1008 2074 1153 2139 quorum
1172 2053 1341 2118 territorio
1361 2052 1449 2118 ordi-

323 2167 426 2231 nandi
446 2165 567 2230 saltem
587 2187 647 2254 per
667 2187 726 2229 sex
746 2186 881 2228 menses
901 2166 1099 2230 commorati
1119 2175 1215 2248 sunt,
1238 2167 1450 2252 distinguen-

323 2281 404 2344 dum
428 2287 480 2344 est
502 2301 509 2346 :
532 2303 562 2344 a.
585 2279 622 2346 Si
648 2302 716 2343 non
737 2280 806 2344 sint
825 2279 983 2362 Nullius,
1001 2279 1060 2366 jus
1084 2302 1151 2344 non
1176 2280 1302 2346 habent
1327 2283 1449 2346 colice-

321 2394 424 2460 dendi
445 2393 711 2473 testimoniales;
732 2393 819 2458 ratio
839 2401 891 2458 est
915 2395 993 2482 quia
1019 2393 1112 2458 bulla
1132 2395 1334 2480 Apostolicae
1353 2395 1449 2459 Sedis

322 2509 464 2596 requirit
489 2507 736 2573 testimoniales
762 2505 805 2571 ab
834 2507 1016 2572 Ordinario
1044 2509 1106 2572 loci
1113 2527 1128 2590 ,·
1157 2531 1256 2596 porro
1288 2510 1448 2596 praelatus

321 2623 532 2710 hujusmodi,
562 2622 641 2686 licet
668 2622 712 2685 sit
741 2622 775 2685 in
805 2644 886 2686 vero
915 2645 1018 2686 sensu
1047 2622 1266 2705 Ordinarius,
1298 2646 1366 2687 non
1395 2633 1448 2688 est

322 2743 436 2802 tamen
462 2735 664 2800 Ordinarius
694 2735 756 2799 loci
781 2734 896 2816 illius,·
922 2735 1018 2800 locus
1045 2736 1135 2800 enim
1162 2736 1197 2800 in
1221 2759 1288 2822 quo
1312 2745 1447 2801 exercet

315 2850 604 2936 jurisdictionem,
622 2855 674 2914 est
693 2851 733 2912 de
753 2850 882 2914 dioecesi
902 2857 935 2914 et
955 2851 989 2914 in
1010 2850 1138 2914 dioeccsi
1157 2851 1323 2938 episcopi,
1340 2873 1360 2914 a
1380 2873 1445 2938 qua

319 2963 456 3028 dioecesi
481 2986 667 3051 numquam
687 2962 750 3026 fuit
770 2969 965 3050 separatus,
992 2963 1134 3050 proinde
1155 2961 1357 3027 Ordinarius
1383 2964 1446 3028 loci

319 3085 372 3142 est
391 3077 484 3141 solus
504 3077 683 3164 episcopus
703 3076 858 3141 dioecesis
878 3075 982 3141 illius.
1005 3077 1153 3158 Revera,
1176 3085 1215 3142 ut
1239 3076 1366 3141 dictum
1391 3087 1445 3141 est

319 3214 420 3277 supra
442 3192 493 3279 (n.
517 3191 585 3277 61,
606 3190 674 3276 8⁰),
697 3190 894 3276 hujusmodi
914 3191 1045 3279 praelati
1064 3215 1133 3256 non
1157 3198 1302 3280 possunt
1326 3213 1444 3255 conce-

319 3304 396 3369 dere
416 3305 663 3369 testimoniales
679 3305 782 3369 etiam
801 3328 861 3391 pro
877 3307 1031 3390 propriis
1044 3306 1190 3370 subditis
1205 3303 1440 3384 saecularibus;

318 3441 336 3482 a
355 3416 486 3482 fortiori
505 3443 566 3506 pro
586 3418 680 3498 aliis;
702 3457 747 3467 -
766 3421 799 3484 l).
823 3419 858 3484 Si
877 3419 946 3483 sint
970 3419 1127 3502 Nullius,
1154 3412 1299 3507 possunt
1322 3441 1442 3483 conce-

318 3532 396 3596 dere
416 3532 681 3612 testimoniales;
704 3533 789 3598 ratio
809 3541 861 3597 est
875 3533 954 3620 quia
974 3543 1055 3598 tunc
1075 3541 1154 3598 sunt
1173 3555 1252 3598 vere
1272 3532 1442 3598 Ordinarii

317 3653 351 3709 et
372 3645 545 3710 Ordinarii
571 3647 655 3729 loci,·
674 3645 769 3712 locus
789 3647 895 3727 enim,
918 3648 953 3711 in
973 3671 1040 3736 quo
1060 3655 1219 3712 exercent
1234 3647 1441 3734 jurisdictio-

317 3781 412 3838 nem,
435 3767 487 3823 est
505 3761 605 3846 plene
625 3769 659 3825 et
679 3761 817 3825 omniuo
842 3762 981 3826 avulsus
1002 3769 1035 3826 et
1055 3769 1232 3848 separatus
1252 3785 1270 3826 a
1290 3759 1441 3848 qualibet

317 3872 471 3953 dioecesi,
493 3895 555 3937 nec
574 3873 684 3938 ullum
705 3874 806 3939 habet
828 3875 1065 3958 Ordinarium,
1088 3875 1154 3939 nisi
1172 3875 1362 3962 praelatum.

347 4011 355 4044 ¹
374 4011 531 4068 Monacelll,
548 4011 765 4069 Formularinm,
783 4015 851 4074 part.
869 4010 893 4070 I,
911 4012 953 4060 tlt.
971 4027 1006 4070 rr,
1025 4013 1102 4060 form.
1119 4017 1142 4068 9,
1160 4027 1185 4060 n.
1202 4017 1225 4064 9,
1243 4011 1349 4068 Itomae,
1367 4017 1442 4068 1713,

315 4093 334 4138 t.
349 4105 369 4148 1,
386 4105 412 4152 p.
429 4094 472 4148 833
490 4117 517 4125 -
531 4089 673 4152 Gasparri,
690 4091 728 4138 De
742 4089 930 4148 ordinatione,
947 4107 972 4140 n.
988 4095 1039 4148 710,
1058 4091 1176 4146 Parisiis,
1193 4095 1263 4145 1893,
1280 4095 1298 4138 1.
1314 4105 1344 4146 n,
1360 4105 1386 4151 p.
1402 4095 1441 4136 29.

346 4167 357 4201 ²
374 4167 535 4227 Gallemart,
548 4169 627 4217 Cone.
643 4167 727 4226 Tria,
743 4170 768 4216 in
784 4184 843 4231 cap.
855 4174 878 4228 8,
895 4183 961 4217 sess.
978 4168 1076 4226 xxm,
1094 4169 1134 4216 Da
1150 4184 1220 4226 nas..
1237 4183 1262 4217 n.
1275 4173 1297 4218 5.
1308 4167 1442 4218 venetiis,

315 4251 389 4305 1780,
406 4262 432 4309 p.
450 4250 504 4294 all.
