3290 5060
343 454 394 521 ior
609 475 653 522 oa
672 443 810 525 recisus
829 473 943 524 saona
962 473 1198 524 onaisirrouis

341 624 454 704 potest
482 619 630 704 recipere
659 625 849 698 tonsuram,
877 618 1005 682 ratione
1036 617 1189 682 beneficii
1219 618 1321 683 etiam
1349 618 1465 683 statim

341 730 552 809 conterendi,
582 732 650 796 imo
679 731 783 796 etiam
809 731 852 796 ad
878 732 968 819 quod
991 733 1063 820 jam
1089 731 1190 796 luerit
1218 739 1463 820 praesentatus;

342 869 421 931 ergo
442 847 535 910 solus
558 846 716 926 clericus,
739 846 845 934 prima
870 853 1010 911 tonsura
1035 845 1156 911 saltem
1176 845 1249 932 jam
1273 846 1427 910 initiatus
1447 870 1466 911 a

342 983 403 1024 suo
422 960 558 1047 proprio
577 959 748 1048 episcopo,
770 967 883 1047 potest
902 959 1062 1042 ordinari,
1084 961 1215 1026 ratione
1233 959 1400 1039 beneficii,
1423 961 1466 1026 ab

342 1073 499 1161 episeopo
520 1073 674 1138 dioeeesis
694 1075 727 1138 in
748 1097 814 1161 qua
832 1074 984 1160 possidet
1004 1073 1217 1139 beneficium.

387 1303 454 1372 38.
476 1339 519 1354 -
541 1303 663 1379 Quale
683 1302 799 1370 debet
821 1321 908 1371 esse
932 1302 1166 1371 beneficium
1186 1311 1230 1372 ut
1254 1305 1464 1391 episcopus

341 1417 522 1486 beneficii
541 1417 727 1485 ordinare
746 1418 886 1504 possit.

387 1535 421 1595 l0
452 1531 559 1612 Olim,
594 1531 723 1596 scilicet
756 1538 834 1595 ante
867 1533 1144 1596 constitutionem
1178 1531 1368 1596 innocentii
1400 1531 1463 1596 XII

342 1651 414 1734 (an.
448 1646 564 1732 1694),
592 1645 768 1733 quodlibet
796 1645 1014 1726 beneficium,
1046 1647 1148 1710 etiam
1176 1647 1290 1710 tenuis
1317 1645 1461 1726 reditus,

336 1763 394 1848 jus
413 1761 515 1825 dabat
533 1761 703 1848 episeopo,
721 1760 756 1823 in
772 1761 868 1847 cujus
884 1761 1020 1824 dioeoesi
1040 1761 1143 1825 situm
1163 1767 1234 1824 erat
1248 1759 1462 1840 beneficium,

340 1875 534 1940 conterendi
573 1875 708 1938 ordines
745 1873 868 1938 clerico
904 1876 1093 1962 possessori
1131 1874 1235 1962 hujus
1273 1875 1461 1939 beneficii¹.

340 1991 483 2070 Verum,
515 1988 558 2052 ad
585 1988 792 2052 amovendas
818 1989 1112 2077 frequentissimas
1139 1989 1291 2070 fraudes,
1322 1989 1386 2053 hoc
1406 1989 1465 2074 jus

340 2103 514 2167 restrinxit
535 2102 753 2167 Innocentius
771 2103 805 2166 in
826 2103 915 2168 dicta
940 2102 1033 2168 bulla
1053 2105 1302 2188 Speculatores,
1325 2105 1360 2168 in
1380 2125 1462 2190 qua,

339 2224 355 2300 ,ξ
381 2218 417 2297 3,
444 2217 596 2281 decernit
622 2217 782 2282 clericum
809 2241 877 2282 non
902 2241 1004 2306 posse
1028 2217 1178 2286 ordinari
1203 2219 1333 2282 ratione
1361 2215 1466 2281 bene-

340 2331 422 2412 ficii,
448 2359 463 2392 «
487 2332 551 2395 nisi
572 2330 772 2396 beneticium
796 2331 996 2418 praedictum
1020 2333 1095 2419 ejus
1120 2332 1163 2396 sit
1188 2331 1334 2406 reditus
1360 2337 1396 2395 ut
1421 2331 1467 2392 ad

340 2466 528 2530 conpruam
552 2446 625 2509 vita
648 2447 942 2528 sustentationem,
965 2445 1037 2509 sive
1058 2445 1157 2530 juxta
1178 2453 1292 2509 taxam
1318 2443 1466 2529 synoda-

341 2560 420 2638 lem,
439 2559 522 2638 sive,
538 2581 576 2622 ea
597 2558 786 2638 deficiente,
800 2559 899 2646 juxta
920 2580 1050 2622 morem
1069 2558 1229 2643 regionis,
1252 2581 1313 2645 pro
1332 2580 1467 2644 promo-

341 2672 462 2737 vendis
481 2673 523 2737 ad
543 2697 657 2737 sacros
676 2673 833 2764 ordinere,
849 2672 1010 2736 detractis
1029 2670 1206 2752 oneribus,
1224 2693 1341 2756 perse
1364 2673 1467 2754 suffi-

341 2790 424 2870 ciat,
452 2787 605 2874 illudque
633 2785 674 2851 ab
701 2786 889 2850 ordinando
909 2787 1048 2870 pacifice
1069 2786 1309 2872 possideatur-,¹
1332 2783 1468 2849 sublata

342 2925 555 2989 quacumque
587 2901 749 2966 facultate
781 2900 962 2988 supplendi
993 2899 1084 2988 quod
1114 2899 1273 2964 deiiceret
1302 2898 1469 2964 fructibus

343 3015 493 3102 ejusdem
523 3015 677 3079 beneficii
706 3038 782 3079 cum
808 3014 997 3101 adjectione
1024 3013 1235 3101 patrimonii,
1264 3013 1368 3077 etiam
1394 3013 1469 3100 pin-

343 3130 436 3214 guis,
458 3129 549 3216 quod
569 3131 640 3216 ipse
659 3129 868 3192 ordinandus
887 3128 921 3192 in
941 3124 1064 3192 eadem
1078 3150 1138 3191 seu
1161 3127 1228 3192 alia
1247 3126 1367 3214 quavis
1387 3127 1471 3190 dioe-

344 3244 411 3306 cesi
427 3243 595 3308 obtineret
604 3247 626 3307 ¹.
649 3269 664 3302 n
680 3243 772 3328 Ergo
784 3249 930 3330 quatuor
943 3242 1162 3330 requiruntur
1176 3249 1215 3306 ut
1229 3241 1306 3330 quis
1320 3240 1471 3305 ordinari

345 3357 454 3444 possit
473 3337 603 3421 ratione
624 3355 777 3420 beneficii
798 3376 806 3422 :

392 3471 434 3534 A.
457 3471 503 3535 Ut
521 3469 723 3535 beneficium
744 3470 789 3534 sit
812 3477 889 3533 actu
910 3491 1101 3554 possessum
1111 3488 1123 3548 ,¹
1141 3468 1232 3533 unde
1252 3492 1319 3533 non
1345 3467 1472 3532 suffieit

346 3586 526 3672 promissio
544 3585 751 3664 conterendi,
774 3606 837 3648 nec
856 3583 1086 3671 praesentatis,
1108 3584 1176 3648 imo
1196 3605 1257 3647 neo
1277 3583 1352 3670 ipsa
1371 3581 1472 3645 insti-

346 3699 433 3764 tutio
449 3723 508 3764 seu
527 3701 676 3780 collatio,
695 3700 767 3764 sine
783 3699 988 3784 possessione
996 3716 1011 3780 ,·
1025 3697 1107 3762 dicit
1123 3699 1213 3762 enim
1229 3696 1471 3761 Innocentius:

292 3889 296 3896 ¹
349 3841 363 3872 «
385 3813 539 3901 llludque
553 3815 689 3902 pacilice
701 3813 927 3898 possideatur.
949 3841 964 3870 n
981 3813 1074 3876 -Si
1090 3812 1166 3899 quis
1185 3811 1365 3900 episcopus
1384 3810 1475 3874 ordi-

348 3937 405 3993 net
426 3929 585 3993 clericum
607 3931 735 3993 ratione
753 3928 905 4012 beneficii
929 3928 1141 4012 conserendi,
1163 3927 1305 3991 incurrit
1329 3948 1475 4014 suspen-

348 4043 493 4120 sionem,
516 4043 557 4106 de
583 4067 648 4130 qua
671 4042 741 4127 agit
766 4041 847 4106 Pius
868 4041 931 4122 lx,
959 4041 993 4104 in
1017 4039 1110 4106 bulla
1134 4039 1335 4126 Apostolica’
1359 4039 1473 4126 Sedis,

380 4215 386 4246 ¹
407 4214 483 4260 lianc
498 4212 668 4273 disciplinam
684 4211 795 4272 exponit
811 4211 921 4270 llallier,
939 4211 988 4259 tce.
1005 4209 1050 4258 cit.

378 4293 388 4325 ²
405 4292 478 4340 llutt.
494 4292 578 4346 lions,
595 4293 614 4338 t.
632 4305 670 4348 rx,
686 4305 712 4352 p.
730 4293 784 4339 375.
