3290 5060
324 451 374 504 108
589 455 633 505 DE
652 454 790 506 LEGIBUS
810 453 925 504 SACRAE
943 453 1180 504 ouuluarlouls

321 596 388 662 illae
414 597 696 684 interruptiones,
724 621 800 686 quaa
825 620 886 685 pro
913 596 1020 662 nihilo
1051 603 1262 685 reputantur.
1290 636 1334 646 -
1361 597 1449 663 Item

321 733 390 776 non
415 717 531 792 nocet,
561 711 590 776 si
618 709 794 778 familiaris
822 718 954 799 partem
980 711 1118 776 triennii
1143 710 1330 798 expleverit
1358 710 1449 800 apud

320 823 479 890 eumdem
502 823 717 914 episcopum,
739 825 800 891 sed
822 832 1006 914 antequam
1026 831 1117 890 esset
1135 825 1333 913 episcopus3
1356 824 1448 913 quod

321 939 540 1004 confirmatur
569 938 724 1027 pluribus
757 939 1020 1006 resolutionibus
1051 940 1088 1007 S.
1123 938 1250 1026 Congr.
1284 937 1444 1016 Consilii,

321 1077 354 1119 v.
386 1076 435 1140 g.,
468 1053 503 1117 in
535 1053 725 1139 Catanien„
761 1053 781 1120 9
812 1077 892 1120 nov.
925 1053 1029 1134 1589;
1061 1092 1104 1102 -
1137 1053 1171 1118 in
1205 1053 1444 1138 Brupniaten,

320 1165 363 1231 28
378 1165 456 1253 julii
476 1165 575 1250 1580,
597 1171 695 1233 etc.¹.

366 1281 402 1346 3⁰
417 1279 535 1357 Quoad
549 1283 749 1368 heneficium
768 1284 1014 1370 conserendum
1029 1283 1197 1366 ordinato,
1213 1289 1254 1347 ul
1267 1282 1446 1369 episcopus

319 1394 476 1460 familiari
495 1397 650 1461 ordinato
669 1396 873 1464 beneficium
892 1396 1044 1462 conserat
1061 1396 1179 1461 statim
1195 1396 1304 1484 (conc.
1321 1395 1443 1483 Tria),

320 1509 356 1574 id
381 1516 449 1592 est,
479 1511 571 1575 intra
598 1513 784 1576 terminum
814 1512 914 1577 unius
942 1511 1065 1576 mensis
1092 1533 1112 1574 a
1141 1511 1195 1574 die
1223 1509 1446 1574 ordinationis

322 1623 434 1713 (bulla
461 1623 727 1712 Speculatores).
758 1626 832 1691 Hoc
863 1631 976 1691 autem
1006 1623 1210 1690 beneficium
1237 1621 1339 1688 debet
1369 1645 1445 1687 esse

319 1739 494 1824 sufficiens
513 1741 557 1803 ad
583 1740 688 1804 vitam
710 1741 979 1822 sustentandam,
995 1741 1102 1825 jueta
1127 1739 1267 1802 modum
1290 1737 1446 1822 superius

315 1854 540 1940 prefinitum,
562 1853 610 1918 ait
633 1853 668 1917 in
692 1853 810 1919 eadem
829 1851 923 1918 bulla
943 1851 1178 1934 Innocentius,
1201 1851 1260 1939 qui
1283 1873 1319 1916 se
1343 1849 1445 1915 refert

320 1966 362 2031 ad
389 1990 527 2055 eaquae
554 1967 685 2032 dixerat
711 1967 752 2032 de
777 1966 959 2048 benefici0,
985 1967 1116 2032 ratione
1142 1965 1240 2052 eujus
1266 1965 1445 2053 episcopus

320 2081 476 2144 ordinare
495 2087 608 2168 potest
627 2081 787 2146 clericum
806 2081 939 2170 (supra,
961 2103 996 2147 n.
1020 2079 1110 2168 38);
1132 2079 1223 2144 unde
1243 2075 1444 2144 Beneficium

321 2193 421 2259 debet
441 2217 515 2260 esse
536 2194 724 2277 sufficiens,
738 2198 847 2282 juata
872 2203 987 2260 tanam
1010 2194 1209 2281 synodalem
1232 2201 1292 2258 aut
1316 2215 1443 2256 morem

321 2309 485 2394 repionis,
508 2317 542 2374 et
560 2308 698 2397 quidem
712 2333 778 2395 per
795 2332 830 2375 se
850 2308 1039 2390 sufficiens,
1061 2307 1143 2396 quin
1167 2306 1276 2396 possit
1294 2306 1444 2395 suppleri

319 2422 393 2510 ejus
420 2422 620 2488 sufficientia
646 2446 688 2488 ex
714 2423 917 2510 patrimonio
945 2421 1131 2488 familiaris.
1160 2461 1205 2470 -
1231 2422 1304 2486 Hoc
1330 2428 1442 2486 autem

247 2513 249 2522 Α
319 2537 426 2602 semel
445 2560 607 2602 concesso
631 2535 811 2620 beneficio,
831 2544 927 2625 patet
950 2537 1147 2625 episcopum
1172 2535 1323 2600 conferre
1343 2556 1443 2622 posse

318 2650 478 2716 familiari
497 2675 558 2717 suo
577 2650 756 2716 ulteriores
776 2650 928 2733 ordines,
946 2673 1014 2716 non
1030 2650 1103 2737 jam
1123 2649 1252 2715 ratione
1272 2647 1443 2713 familiari-

319 2765 415 2848 tatis,
438 2765 498 2831 sed
516 2765 647 2830 ratione
665 2764 832 2831 beneficii.

362 3003 431 3072 41.
464 3041 508 3051 -
541 3004 775 3080 Quaeritur:
809 3003 905 3068 Num
933 3003 1041 3088 possit
1078 3003 1251 3088 episcopus
1283 2999 1442 3065 ordinare

317 3117 527 3200 familiarem
554 3139 672 3200 suum,
701 3117 786 3203 quin
814 3117 844 3181 ei
877 3117 1035 3181 concedat
1064 3116 1282 3200 beneficium,
1312 3113 1371 3178 sed
1398 3113 1443 3177 ad

320 3231 459 3294 titulum
473 3231 676 3315 patrimonii
695 3237 755 3294 aut
769 3231 957 3315 pensionis,
969 3229 1132 3316 judicans
1152 3228 1252 3293 illum
1271 3249 1442 3292 assumen-

318 3345 401 3408 dum
415 3365 482 3429 pro
502 3345 692 3409 necessitate
711 3352 771 3408 aut
790 3345 1027 3408 commoditate
1045 3343 1260 3408 ecclesiarum
1278 3363 1439 3420 suarum,

317 3458 361 3521 ad
376 3479 533 3522 normam
548 3481 639 3526 conc.
661 3458 755 3522 Trid.
775 3455 861 3546 (cap.
881 3457 969 3522 Cum
985 3479 1051 3521 non
1066 3457 1190 3540 deceat,
1204 3456 1236 3537 2,
1250 3477 1333 3520 sess.
1347 3453 1439 3534 XXI,

317 3572 368 3636 Da
387 3570 488 3661 uari.

361 3686 459 3773 Resp.
471 3709 484 3753 .·
500 3686 534 3750 l⁰
546 3685 692 3766 Quidam
707 3687 831 3752 docent
846 3686 1044 3774 episcopum
1059 3685 1216 3750 ordinare
1229 3705 1330 3772 posse
1345 3680 1441 3747 lami-

315 3799 433 3865 liarem
461 3825 562 3866 suum
590 3802 634 3865 ad
663 3802 803 3867 titulum
828 3799 1031 3888 patrimonii
1061 3799 1111 3863 vel
1136 3798 1308 3885 pensionis
1338 3795 1440 3860 modo

316 3937 418 4002 supra
451 3914 560 3998 dieto,
593 3938 655 4003 pro
688 3915 836 3981 utilitate
869 3913 1090 3980 ecclesiarum
1128 3933 1281 3992 suarum,
1317 3907 1440 3997 quibus

315 4051 428 4094 revera
461 4028 559 4095 illum
588 4029 778 4095 adscribere
807 4028 920 4096 debet.
952 4028 1001 4094 lta
1030 4026 1199 4116 praecipue
1228 4023 1377 4090 Barbosa
1405 4029 1441 4087 et

343 4265 352 4299 ¹
370 4265 486 4326 Giraldi,
503 4265 578 4322 ibid„
595 4269 652 4314 not.
668 4269 696 4324 ³,
713 4279 740 4327 p.
756 4269 811 4312 ast.
