<?xml version="1.0" encoding="UTF-8"?>
<!DOCTYPE html PUBLIC "-//W3C//DTD XHTML 1.0 Transitional//EN"
    "http://www.w3.org/TR/xhtml1/DTD/xhtml1-transitional.dtd">
<html xmlns="http://www.w3.org/1999/xhtml" xml:lang="en" lang="en">
 <head>
  <title>
</title>
<meta http-equiv="Content-Type" content="text/html;charset=utf-8" />
  <meta name='ocr-system' content='tesseract 3.04.00' />
  <meta name='ocr-capabilities' content='ocr_page ocr_carea ocr_par ocr_line ocrx_word'/>
</head>
<body>
  <div class='ocr_page' id='page_1' title='image "./praelectionesde00manygoog_0370.png"; bbox 0 0 3316 5052; ppageno 0'>
   <div class='ocr_carea' id='block_1_1' title="bbox 458 440 1350 504">
    <p class='ocr_par' dir='ltr' id='par_1_1' title="bbox 458 440 1350 504">
     <span class='ocr_line' id='line_1_1' title="bbox 458 440 1350 504; baseline -0.003 -11"><span class='ocrx_word' id='word_1_1' title='bbox 458 444 502 494; x_wconf 89' lang='lat' dir='ltr'>DE</span> <span class='ocrx_word' id='word_1_2' title='bbox 521 443 785 504; x_wconf 79' lang='lat' dir='ltr'>PRAEREQUlSl&#39;l&#39;IS</span> <span class='ocrx_word' id='word_1_3' title='bbox 803 443 846 493; x_wconf 76' lang='lat' dir='ltr'>An</span> <span class='ocrx_word' id='word_1_4' title='bbox 866 443 1118 494; x_wconf 72' lang='lat' dir='ltr'>ORDINATIONEM</span> <span class='ocrx_word' id='word_1_5' title='bbox 1299 440 1350 492; x_wconf 82' lang='lat'>357</span> 
     </span>
    </p>
   </div>
   <div class='ocr_carea' id='block_1_2' title="bbox 224 585 1351 1472">
    <p class='ocr_par' dir='ltr' id='par_1_2' title="bbox 227 585 1348 674">
     <span class='ocr_line' id='line_1_2' title="bbox 227 585 1348 674; baseline -0.007 -22"><span class='ocrx_word' id='word_1_6' title='bbox 227 610 307 652; x_wconf 90' lang='lat' dir='ltr'>casu</span> <span class='ocrx_word' id='word_1_7' title='bbox 337 609 491 652; x_wconf 86' lang='lat' dir='ltr'>recursus</span> <span class='ocrx_word' id='word_1_8' title='bbox 528 585 687 651; x_wconf 86' lang='lat' dir='ltr'>exhibere</span> <span class='ocrx_word' id='word_1_9' title='bbox 724 586 838 652; x_wconf 86' lang='lat' dir='ltr'>valeat</span> <span class='ocrx_word' id='word_1_10' title='bbox 866 609 968 651; x_wconf 85' lang='lat' dir='ltr'>sacrae</span> <span class='ocrx_word' id='word_1_11' title='bbox 995 585 1259 674; x_wconf 77' lang='lat' dir='ltr'>Congregationi</span> <span class='ocrx_word' id='word_1_12' title='bbox 1280 588 1302 651; x_wconf 84' lang='lat'>¹.</span> <span class='ocrx_word' id='word_1_13' title='bbox 1333 611 1348 644; x_wconf 85' lang='lat'>»</span> 
     </span>
    </p>

    <p class='ocr_par' dir='ltr' id='par_1_3' title="bbox 224 698 1351 1472">
     <span class='ocr_line' id='line_1_3' title="bbox 271 698 1350 788; baseline -0.003 -24"><span class='ocrx_word' id='word_1_14' title='bbox 271 698 309 765; x_wconf 92' lang='lat' dir='ltr'>C.</span> <span class='ocrx_word' id='word_1_15' title='bbox 340 700 426 765; x_wconf 83' lang='lat' dir='ltr'><strong>Item</strong></span> <span class='ocrx_word' id='word_1_16' title='bbox 447 701 524 765; x_wconf 90' lang='lat' dir='ltr'>huic</span> <span class='ocrx_word' id='word_1_17' title='bbox 551 701 652 765; x_wconf 89' lang='lat' dir='ltr'>titulo</span> <span class='ocrx_word' id='word_1_18' title='bbox 675 708 790 788; x_wconf 90' lang='lat' dir='ltr'>potest</span> <span class='ocrx_word' id='word_1_19' title='bbox 816 700 902 765; x_wconf 89' lang='lat' dir='ltr'>alius</span> <span class='ocrx_word' id='word_1_20' title='bbox 926 700 1100 786; x_wconf 83' lang='lat' dir='ltr'>legitimus</span> <span class='ocrx_word' id='word_1_21' title='bbox 1119 699 1280 764; x_wconf 75' lang='lat' dir='ltr'>substitui</span> <span class='ocrx_word' id='word_1_22' title='bbox 1288 716 1302 780; x_wconf 91' lang='lat'>‚·</span> <span class='ocrx_word' id='word_1_23' title='bbox 1322 699 1350 761; x_wconf 91' lang='lat' dir='ltr'>si</span> 
     </span>
     <span class='ocr_line' id='line_1_4' title="bbox 226 811 1351 902; baseline -0.003 -24"><span class='ocrx_word' id='word_1_24' title='bbox 226 837 347 902; x_wconf 83' lang='lat' dir='ltr'>nempe</span> <span class='ocrx_word' id='word_1_25' title='bbox 368 814 526 879; x_wconf 84' lang='lat' dir='ltr'>sacerdos</span> <span class='ocrx_word' id='word_1_26' title='bbox 545 814 691 879; x_wconf 89' lang='lat' dir='ltr'>decursu</span> <span class='ocrx_word' id='word_1_27' title='bbox 706 822 898 902; x_wconf 89' lang='lat' dir='ltr'>temporum</span> <span class='ocrx_word' id='word_1_28' title='bbox 914 815 1066 902; x_wconf 89' lang='lat' dir='ltr'>acquirat</span> <span class='ocrx_word' id='word_1_29' title='bbox 1080 815 1280 898; x_wconf 80' lang='lat' dir='ltr'>beneficium</span> <span class='ocrx_word' id='word_1_30' title='bbox 1295 811 1351 876; x_wconf 86' lang='lat' dir='ltr'>vel</span> 
     </span>
     <span class='ocr_line' id='line_1_5' title="bbox 224 927 1350 1016; baseline -0.002 -24"><span class='ocrx_word' id='word_1_31' title='bbox 224 931 399 1014; x_wconf 75' lang='lat' dir='ltr'>sufficiens</span> <span class='ocrx_word' id='word_1_32' title='bbox 419 930 689 1014; x_wconf 76' lang='lat' dir='ltr'><em>patrimonium,</em></span> <span class='ocrx_word' id='word_1_33' title='bbox 712 936 824 1016; x_wconf 88' lang='lat' dir='ltr'>potest</span> <span class='ocrx_word' id='word_1_34' title='bbox 848 929 949 994; x_wconf 91' lang='lat' dir='ltr'>titulo</span> <span class='ocrx_word' id='word_1_35' title='bbox 973 928 1161 1006; x_wconf 85' lang='lat' dir='ltr'>missionis,</span> <span class='ocrx_word' id='word_1_36' title='bbox 1184 927 1227 991; x_wconf 89' lang='lat' dir='ltr'>ad</span> <span class='ocrx_word' id='word_1_37' title='bbox 1249 949 1350 1014; x_wconf 90' lang='lat' dir='ltr'>quem</span> 
     </span>
     <span class='ocr_line' id='line_1_6' title="bbox 226 1041 1350 1129; baseline -0.003 -22"><span class='ocrx_word' id='word_1_38' title='bbox 226 1042 289 1107; x_wconf 84' lang='lat' dir='ltr'>luit</span> <span class='ocrx_word' id='word_1_39' title='bbox 317 1043 511 1124; x_wconf 90' lang='lat' dir='ltr'>ordinatus,</span> <span class='ocrx_word' id='word_1_40' title='bbox 534 1041 740 1107; x_wconf 86' lang='lat' dir='ltr'>substituere</span> <span class='ocrx_word' id='word_1_41' title='bbox 767 1043 906 1107; x_wconf 88' lang='lat' dir='ltr'>titulum</span> <span class='ocrx_word' id='word_1_42' title='bbox 930 1041 1085 1108; x_wconf 84' lang='lat' dir='ltr'>beneficii</span> <span class='ocrx_word' id='word_1_43' title='bbox 1109 1049 1168 1107; x_wconf 91' lang='lat' dir='ltr'>aut</span> <span class='ocrx_word' id='word_1_44' title='bbox 1188 1041 1350 1129; x_wconf 86' lang='lat' dir='ltr'>patrimo·</span> 
     </span>
     <span class='ocr_line' id='line_1_7' title="bbox 226 1155 1351 1243; baseline -0.002 -23"><span class='ocrx_word' id='word_1_45' title='bbox 226 1157 289 1236; x_wconf 80' lang='lat' dir='ltr'>nii3</span> <span class='ocrx_word' id='word_1_46' title='bbox 320 1179 439 1221; x_wconf 87' lang='lat' dir='ltr'>verum</span> <span class='ocrx_word' id='word_1_47' title='bbox 470 1180 548 1221; x_wconf 90' lang='lat' dir='ltr'>cum</span> <span class='ocrx_word' id='word_1_48' title='bbox 578 1156 641 1221; x_wconf 91' lang='lat' dir='ltr'>hac</span> <span class='ocrx_word' id='word_1_49' title='bbox 673 1157 707 1220; x_wconf 94' lang='lat' dir='ltr'>in</span> <span class='ocrx_word' id='word_1_50' title='bbox 738 1181 774 1222; x_wconf 91' lang='lat' dir='ltr'>re</span> <span class='ocrx_word' id='word_1_51' title='bbox 798 1158 997 1222; x_wconf 85' lang='lat' dir='ltr'>minuantur</span> <span class='ocrx_word' id='word_1_52' title='bbox 1023 1155 1102 1243; x_wconf 86' lang='lat' dir='ltr'>jura</span> <span class='ocrx_word' id='word_1_53' title='bbox 1132 1155 1281 1242; x_wconf 88' lang='lat' dir='ltr'>episcopi</span> <span class='ocrx_word' id='word_1_54' title='bbox 1317 1161 1351 1218; x_wconf 89' lang='lat' dir='ltr'>et</span> 
     </span>
     <span class='ocr_line' id='line_1_8' title="bbox 225 1269 1351 1360; baseline -0.003 -25"><span class='ocrx_word' id='word_1_55' title='bbox 225 1269 339 1336; x_wconf 79' lang='lat' dir='ltr'>obstet</span> <span class='ocrx_word' id='word_1_56' title='bbox 358 1271 607 1358; x_wconf 81' lang='lat' dir='ltr'>juramentum,</span> <span class='ocrx_word' id='word_1_57' title='bbox 639 1271 806 1360; x_wconf 89' lang='lat' dir='ltr'>petendus</span> <span class='ocrx_word' id='word_1_58' title='bbox 838 1279 890 1336; x_wconf 90' lang='lat' dir='ltr'>est</span> <span class='ocrx_word' id='word_1_59' title='bbox 923 1293 1110 1335; x_wconf 87' lang='lat' dir='ltr'>consensus</span> <span class='ocrx_word' id='word_1_60' title='bbox 1139 1269 1287 1356; x_wconf 88' lang='lat' dir='ltr'>episcopi</span> <span class='ocrx_word' id='word_1_61' title='bbox 1317 1275 1351 1332; x_wconf 87' lang='lat' dir='ltr'>et</span> 
     </span>
     <span class='ocr_line' id='line_1_9' title="bbox 225 1384 1148 1472; baseline 0.002 -24"><span class='ocrx_word' id='word_1_62' title='bbox 225 1384 328 1449; x_wconf 92' lang='lat' dir='ltr'>simul</span> <span class='ocrx_word' id='word_1_63' title='bbox 346 1385 483 1450; x_wconf 87' lang='lat' dir='ltr'>licentia</span> <span class='ocrx_word' id='word_1_64' title='bbox 503 1386 537 1451; x_wconf 93' lang='lat' dir='ltr'>S.</span> <span class='ocrx_word' id='word_1_65' title='bbox 562 1385 846 1472; x_wconf 85' lang='lat' dir='ltr'>Congregationis</span> <span class='ocrx_word' id='word_1_66' title='bbox 866 1385 906 1450; x_wconf 89' lang='lat' dir='ltr'>de</span> <span class='ocrx_word' id='word_1_67' title='bbox 930 1386 1031 1472; x_wconf 89' lang='lat' dir='ltr'>Prop.</span> <span class='ocrx_word' id='word_1_68' title='bbox 1055 1385 1148 1450; x_wconf 84' lang='lat' dir='ltr'>Fide.</span> 
     </span>
    </p>
   </div>
   <div class='ocr_carea' id='block_1_3' title="bbox 483 1662 1090 1728">
    <p class='ocr_par' dir='ltr' id='par_1_4' title="bbox 483 1662 1090 1728">
     <span class='ocr_line' id='line_1_10' title="bbox 483 1662 1090 1728; baseline 0.003 -4"><span class='ocrx_word' id='word_1_69' title='bbox 483 1662 524 1727; x_wconf 92' lang='lat' dir='ltr'>V.</span> <span class='ocrx_word' id='word_1_70' title='bbox 553 1662 603 1726; x_wconf 83' lang='lat' dir='ltr'>Da</span> <span class='ocrx_word' id='word_1_71' title='bbox 629 1684 687 1728; x_wconf 82' lang='lat' dir='ltr'>usu</span> <span class='ocrx_word' id='word_1_72' title='bbox 713 1663 873 1727; x_wconf 78' lang='lat' dir='ltr'>Eccnrsrn</span> <span class='ocrx_word' id='word_1_73' title='bbox 897 1662 1090 1727; x_wconf 74' lang='lat' dir='ltr'>Gannnaru</span> 
     </span>
    </p>
   </div>
   <div class='ocr_carea' id='block_1_4' title="bbox 222 1872 1351 3328">
    <p class='ocr_par' dir='ltr' id='par_1_5' title="bbox 223 1872 1351 2416">
     <span class='ocr_line' id='line_1_11' title="bbox 271 1872 1350 1942; baseline 0 -2"><span class='ocrx_word' id='word_1_74' title='bbox 271 1872 365 1941; x_wconf 87' lang='lat'><strong>146.</strong></span> <span class='ocrx_word' id='word_1_75' title='bbox 397 1912 440 1920; x_wconf 94' lang='lat'>—</span> <span class='ocrx_word' id='word_1_76' title='bbox 476 1874 729 1942; x_wconf 76' lang='lat' dir='ltr'>Consuetudo</span> <span class='ocrx_word' id='word_1_77' title='bbox 763 1873 947 1942; x_wconf 82' lang='lat' dir='ltr'>Ecclesiae</span> <span class='ocrx_word' id='word_1_78' title='bbox 980 1873 1198 1942; x_wconf 79' lang='lat' dir='ltr'>Galliarum</span> <span class='ocrx_word' id='word_1_79' title='bbox 1229 1873 1272 1940; x_wconf 90' lang='lat' dir='ltr'>in</span> <span class='ocrx_word' id='word_1_80' title='bbox 1308 1891 1350 1940; x_wconf 83' lang='lat' dir='ltr'>rc</span> 
     </span>
     <span class='ocr_line' id='line_1_12' title="bbox 224 1986 1351 2075; baseline -0.006 -20"><span class='ocrx_word' id='word_1_81' title='bbox 224 1989 425 2075; x_wconf 81' lang='lat' dir='ltr'>praesenti.</span> <span class='ocrx_word' id='word_1_82' title='bbox 446 2026 488 2036; x_wconf 88' lang='lat'>--</span> <span class='ocrx_word' id='word_1_83' title='bbox 509 1987 559 2051; x_wconf 92' lang='lat' dir='ltr'>De</span> <span class='ocrx_word' id='word_1_84' title='bbox 575 1986 676 2067; x_wconf 84' lang='lat' dir='ltr'>lactc,</span> <span class='ocrx_word' id='word_1_85' title='bbox 700 1989 734 2051; x_wconf 93' lang='lat' dir='ltr'>in</span> <span class='ocrx_word' id='word_1_86' title='bbox 755 1986 958 2052; x_wconf 62' lang='lat' dir='ltr'>dioecesibus</span> <span class='ocrx_word' id='word_1_87' title='bbox 977 1987 1179 2068; x_wconf 77' lang='lat' dir='ltr'>Galliarum,</span> <span class='ocrx_word' id='word_1_88' title='bbox 1202 1986 1351 2073; x_wconf 86' lang='lat' dir='ltr'>episcopi</span> 
     </span>
     <span class='ocr_line' id='line_1_13' title="bbox 224 2099 1350 2190; baseline -0.002 -26"><span class='ocrx_word' id='word_1_89' title='bbox 224 2101 405 2188; x_wconf 86' lang='lat' dir='ltr'>plerosque</span> <span class='ocrx_word' id='word_1_90' title='bbox 424 2101 566 2164; x_wconf 90' lang='lat' dir='ltr'>clericos</span> <span class='ocrx_word' id='word_1_91' title='bbox 585 2101 627 2164; x_wconf 89' lang='lat' dir='ltr'>ad</span> <span class='ocrx_word' id='word_1_92' title='bbox 648 2123 762 2164; x_wconf 90' lang='lat' dir='ltr'>sacros</span> <span class='ocrx_word' id='word_1_93' title='bbox 782 2101 917 2165; x_wconf 83' lang='lat' dir='ltr'>ordines</span> <span class='ocrx_word' id='word_1_94' title='bbox 937 2109 1138 2190; x_wconf 89' lang='lat' dir='ltr'>promovent</span> <span class='ocrx_word' id='word_1_95' title='bbox 1158 2101 1229 2165; x_wconf 93' lang='lat' dir='ltr'>sinc</span> <span class='ocrx_word' id='word_1_96' title='bbox 1250 2099 1350 2165; x_wconf 80' lang='lat' dir='ltr'>titulo</span> 
     </span>
     <span class='ocr_line' id='line_1_14' title="bbox 223 2209 1351 2302; baseline -0.001 -24"><span class='ocrx_word' id='word_1_97' title='bbox 223 2213 377 2279; x_wconf 83' lang='lat' dir='ltr'>beneticii</span> <span class='ocrx_word' id='word_1_98' title='bbox 396 2221 454 2279; x_wconf 87' lang='lat' dir='ltr'>aut</span> <span class='ocrx_word' id='word_1_99' title='bbox 469 2214 674 2302; x_wconf 86' lang='lat' dir='ltr'>patrimonii.</span> <span class='ocrx_word' id='word_1_100' title='bbox 692 2251 734 2262; x_wconf 97' lang='lat'>-</span> <span class='ocrx_word' id='word_1_101' title='bbox 751 2213 837 2278; x_wconf 92' lang='lat' dir='ltr'>Cum</span> <span class='ocrx_word' id='word_1_102' title='bbox 858 2216 928 2279; x_wconf 79' lang='lat' dir='ltr'>haro</span> <span class='ocrx_word' id='word_1_103' title='bbox 948 2239 1002 2279; x_wconf 88' lang='lat' dir='ltr'>res</span> <span class='ocrx_word' id='word_1_104' title='bbox 1022 2216 1066 2280; x_wconf 89' lang='lat' dir='ltr'>sit</span> <span class='ocrx_word' id='word_1_105' title='bbox 1085 2215 1182 2298; x_wconf 82' lang='lat' dir='ltr'>sacti,</span> <span class='ocrx_word' id='word_1_106' title='bbox 1205 2209 1351 2278; x_wconf 85' lang='lat' dir='ltr'>sulliciat</span> 
     </span>
     <span class='ocr_line' id='line_1_15' title="bbox 223 2328 782 2416; baseline 0.002 -24"><span class='ocrx_word' id='word_1_107' title='bbox 223 2329 370 2414; x_wconf 79' lang='lat' dir='ltr'>allegare</span> <span class='ocrx_word' id='word_1_108' title='bbox 390 2328 545 2416; x_wconf 79' lang='lat' dir='ltr'>quaedam</span> <span class='ocrx_word' id='word_1_109' title='bbox 561 2329 756 2393; x_wconf 87' lang='lat' dir='ltr'>testimonia</span> <span class='ocrx_word' id='word_1_110' title='bbox 775 2348 782 2393; x_wconf 88' lang='lat'><strong>:</strong></span> 
     </span>
    </p>

    <p class='ocr_par' dir='ltr' id='par_1_6' title="bbox 222 2441 1350 3328">
     <span class='ocr_line' id='line_1_16' title="bbox 270 2441 1350 2525; baseline -0.001 -18"><span class='ocrx_word' id='word_1_111' title='bbox 270 2441 299 2506; x_wconf 89' lang='lat' dir='ltr'>l.</span> <span class='ocrx_word' id='word_1_112' title='bbox 323 2443 483 2522; x_wconf 86' lang='lat' dir='ltr'>Gousset,</span> <span class='ocrx_word' id='word_1_113' title='bbox 502 2443 536 2506; x_wconf 94' lang='lat' dir='ltr'>in</span> <span class='ocrx_word' id='word_1_114' title='bbox 561 2465 621 2507; x_wconf 90' lang='lat' dir='ltr'>sua</span> <span class='ocrx_word' id='word_1_115' title='bbox 647 2443 827 2524; x_wconf 73' lang='lat' dir='ltr'>Thc&#39;olopic</span> <span class='ocrx_word' id='word_1_116' title='bbox 848 2443 990 2525; x_wconf 83' lang='lat' dir='ltr'>morale,</span> <span class='ocrx_word' id='word_1_117' title='bbox 1012 2443 1083 2506; x_wconf 82' lang='lat' dir='ltr'>luco</span> <span class='ocrx_word' id='word_1_118' title='bbox 1103 2442 1204 2507; x_wconf 89' lang='lat' dir='ltr'>habet</span> <span class='ocrx_word' id='word_1_119' title='bbox 1227 2463 1233 2508; x_wconf 93' lang='lat'>:</span> <span class='ocrx_word' id='word_1_120' title='bbox 1258 2469 1273 2501; x_wconf 75' lang='lat' dir='ltr'>u</span> <span class='ocrx_word' id='word_1_121' title='bbox 1296 2442 1325 2503; x_wconf 90' lang='lat' dir='ltr'>V</span> <span class='ocrx_word' id='word_1_122' title='bbox 1328 2465 1350 2506; x_wconf 93' lang='lat' dir='ltr'>u</span> 
     </span>
     <span class='ocr_line' id='line_1_17' title="bbox 222 2541 1350 2642; baseline -0.001 -21"><span class='ocrx_word' id='word_1_123' title='bbox 222 2557 254 2621; x_wconf 91' lang='lat' dir='ltr'>le</span> <span class='ocrx_word' id='word_1_124' title='bbox 275 2557 371 2621; x_wconf 88' lang='lat' dir='ltr'>triste</span> <span class='ocrx_word' id='word_1_125' title='bbox 392 2563 462 2621; x_wconf 73' lang='lat' dir='ltr'>etat</span> <span class='ocrx_word' id='word_1_126' title='bbox 482 2561 525 2621; x_wconf 80' lang='grc' dir='ltr'>οὺ</span> <span class='ocrx_word' id='word_1_127' title='bbox 542 2579 577 2620; x_wconf 89' lang='lat' dir='ltr'>se</span> <span class='ocrx_word' id='word_1_128' title='bbox 599 2563 717 2620; x_wconf 86' lang='lat' dir='ltr'>trouve</span> <span class='ocrx_word' id='word_1_129' title='bbox 738 2541 878 2642; x_wconf 79' lang='lat' dir='ltr'>l&#39;Eglise</span> <span class='ocrx_word' id='word_1_130' title='bbox 899 2579 939 2621; x_wconf 93' lang='lat' dir='ltr'>en</span> <span class='ocrx_word' id='word_1_131' title='bbox 961 2557 1105 2637; x_wconf 80' lang='lat' dir='ltr'>Franco,</span> <span class='ocrx_word' id='word_1_132' title='bbox 1133 2557 1183 2620; x_wconf 85' lang='lat' dir='ltr'>les</span> <span class='ocrx_word' id='word_1_133' title='bbox 1203 2559 1350 2642; x_wconf 73' lang='lat' dir='ltr'>evdques</span> 
     </span>
     <span class='ocr_line' id='line_1_18' title="bbox 223 2668 1350 2758; baseline -0.001 -24"><span class='ocrx_word' id='word_1_134' title='bbox 223 2669 397 2756; x_wconf 86' lang='lat' dir='ltr'>n&#39;exigent</span> <span class='ocrx_word' id='word_1_135' title='bbox 417 2670 458 2734; x_wconf 89' lang='lat' dir='ltr'>de</span> <span class='ocrx_word' id='word_1_136' title='bbox 478 2670 557 2736; x_wconf 88' lang='lat' dir='ltr'>titre</span> <span class='ocrx_word' id='word_1_137' title='bbox 573 2669 708 2734; x_wconf 77' lang='lat' dir='ltr'>elerical</span> <span class='ocrx_word' id='word_1_138' title='bbox 729 2693 793 2758; x_wconf 92' lang='lat' dir='ltr'>que</span> <span class='ocrx_word' id='word_1_139' title='bbox 813 2671 894 2735; x_wconf 82' lang='lat' dir='ltr'>d&#39;un</span> <span class='ocrx_word' id='word_1_140' title='bbox 915 2672 1042 2735; x_wconf 84' lang='lat' dir='ltr'>certain</span> <span class='ocrx_word' id='word_1_141' title='bbox 1062 2669 1203 2735; x_wconf 87' lang='lat' dir='ltr'>nombre</span> <span class='ocrx_word' id='word_1_142' title='bbox 1227 2668 1350 2734; x_wconf 84' lang='lat' dir='ltr'>d&#39;ordi-</span> 
     </span>
     <span class='ocr_line' id='line_1_19' title="bbox 222 2783 1346 2872; baseline 0 -24"><span class='ocrx_word' id='word_1_143' title='bbox 222 2783 345 2850; x_wconf 81' lang='lat' dir='ltr'>nands,</span> <span class='ocrx_word' id='word_1_144' title='bbox 367 2783 414 2848; x_wconf 89' lang='lat' dir='ltr'>Le</span> <span class='ocrx_word' id='word_1_145' title='bbox 434 2784 541 2864; x_wconf 86' lang='lat' dir='ltr'>droit,</span> <span class='ocrx_word' id='word_1_146' title='bbox 563 2807 648 2870; x_wconf 91' lang='lat' dir='ltr'>pour</span> <span class='ocrx_word' id='word_1_147' title='bbox 667 2808 704 2848; x_wconf 91' lang='lat' dir='ltr'>ce</span> <span class='ocrx_word' id='word_1_148' title='bbox 725 2785 784 2872; x_wconf 92' lang='lat' dir='ltr'>qui</span> <span class='ocrx_word' id='word_1_149' title='bbox 804 2785 944 2872; x_wconf 85' lang='lat' dir='ltr'>regardo</span> <span class='ocrx_word' id='word_1_150' title='bbox 964 2785 996 2849; x_wconf 90' lang='lat' dir='ltr'>le</span> <span class='ocrx_word' id='word_1_151' title='bbox 1016 2786 1095 2850; x_wconf 90' lang='lat' dir='ltr'>titre</span> <span class='ocrx_word' id='word_1_152' title='bbox 1121 2785 1162 2849; x_wconf 86' lang='lat' dir='ltr'>de</span> <span class='ocrx_word' id='word_1_153' title='bbox 1188 2784 1346 2864; x_wconf 76' lang='lat' dir='ltr'>benefice,</span> 
     </span>
     <span class='ocr_line' id='line_1_20' title="bbox 224 2897 1348 2986; baseline -0.001 -23"><span class='ocrx_word' id='word_1_154' title='bbox 224 2921 242 2963; x_wconf 92' lang='lat' dir='ltr'>a</span> <span class='ocrx_word' id='word_1_155' title='bbox 273 2921 340 2986; x_wconf 89' lang='lat' dir='ltr'>peu</span> <span class='ocrx_word' id='word_1_156' title='bbox 364 2898 604 2986; x_wconf 86' lang='lat' dir='ltr'>d&#39;application</span> <span class='ocrx_word' id='word_1_157' title='bbox 629 2899 737 2986; x_wconf 91' lang='lat' dir='ltr'>parmi</span> <span class='ocrx_word' id='word_1_158' title='bbox 766 2922 862 2964; x_wconf 92' lang='lat' dir='ltr'>nous.</span> <span class='ocrx_word' id='word_1_159' title='bbox 898 2898 932 2964; x_wconf 92' lang='lat' dir='ltr'>Si</span> <span class='ocrx_word' id='word_1_160' title='bbox 966 2923 1008 2964; x_wconf 94' lang='lat' dir='ltr'>on</span> <span class='ocrx_word' id='word_1_161' title='bbox 1037 2897 1251 2963; x_wconf 79' lang='lat' dir='ltr'>n&#39;ordonnait</span> <span class='ocrx_word' id='word_1_162' title='bbox 1284 2921 1348 2986; x_wconf 89' lang='lat' dir='ltr'>que</span> 
     </span>
     <span class='ocr_line' id='line_1_21' title="bbox 224 3012 1348 3100; baseline -0.002 -23"><span class='ocrx_word' id='word_1_163' title='bbox 224 3035 309 3078; x_wconf 86' lang='lat' dir='ltr'>ceux</span> <span class='ocrx_word' id='word_1_164' title='bbox 330 3012 391 3076; x_wconf 91' lang='lat' dir='ltr'>des</span> <span class='ocrx_word' id='word_1_165' title='bbox 416 3012 521 3077; x_wconf 90' lang='lat' dir='ltr'>clercs</span> <span class='ocrx_word' id='word_1_166' title='bbox 542 3013 599 3100; x_wconf 86' lang='lat' dir='ltr'>qui</span> <span class='ocrx_word' id='word_1_167' title='bbox 621 3019 768 3098; x_wconf 87' lang='lat' dir='ltr'>peuvent</span> <span class='ocrx_word' id='word_1_168' title='bbox 791 3036 826 3078; x_wconf 91' lang='lat' dir='ltr'>se</span> <span class='ocrx_word' id='word_1_169' title='bbox 845 3036 1005 3100; x_wconf 90' lang='lat' dir='ltr'>procurer</span> <span class='ocrx_word' id='word_1_170' title='bbox 1023 3037 1069 3078; x_wconf 92' lang='lat' dir='ltr'>un</span> <span class='ocrx_word' id='word_1_171' title='bbox 1090 3014 1168 3078; x_wconf 86' lang='lat' dir='ltr'>titre</span> <span class='ocrx_word' id='word_1_172' title='bbox 1191 3012 1348 3100; x_wconf 88' lang='lat' dir='ltr'>patrimo-</span> 
     </span>
     <span class='ocr_line' id='line_1_22' title="bbox 224 3125 1348 3214; baseline -0.002 -22"><span class='ocrx_word' id='word_1_173' title='bbox 224 3127 310 3206; x_wconf 84' lang='lat' dir='ltr'>nial,</span> <span class='ocrx_word' id='word_1_174' title='bbox 333 3127 357 3190; x_wconf 95' lang='lat' dir='ltr'>il</span> <span class='ocrx_word' id='word_1_175' title='bbox 377 3126 523 3192; x_wconf 84' lang='lat' dir='ltr'>faudrait</span> <span class='ocrx_word' id='word_1_176' title='bbox 542 3125 662 3191; x_wconf 89' lang='lat' dir='ltr'>laisser</span> <span class='ocrx_word' id='word_1_177' title='bbox 683 3126 715 3190; x_wconf 91' lang='lat' dir='ltr'>le</span> <span class='ocrx_word' id='word_1_178' title='bbox 734 3127 812 3213; x_wconf 91' lang='lat' dir='ltr'>plus</span> <span class='ocrx_word' id='word_1_179' title='bbox 825 3129 932 3214; x_wconf 85' lang='lat' dir='ltr'>grand</span> <span class='ocrx_word' id='word_1_180' title='bbox 948 3127 1088 3192; x_wconf 82' lang='lat' dir='ltr'>nombre</span> <span class='ocrx_word' id='word_1_181' title='bbox 1108 3127 1167 3192; x_wconf 91' lang='lat' dir='ltr'>des</span> <span class='ocrx_word' id='word_1_182' title='bbox 1181 3127 1348 3214; x_wconf 84' lang='lat' dir='ltr'>paroisses</span> 
     </span>
     <span class='ocr_line' id='line_1_23' title="bbox 224 3239 1347 3328; baseline -0.001 -23"><span class='ocrx_word' id='word_1_183' title='bbox 224 3263 305 3305; x_wconf 89' lang='lat' dir='ltr'>sans</span> <span class='ocrx_word' id='word_1_184' title='bbox 327 3245 438 3328; x_wconf 80' lang='lat' dir='ltr'>prdtre</span> <span class='ocrx_word' id='word_1_185' title='bbox 465 3247 499 3304; x_wconf 86' lang='lat' dir='ltr'>et</span> <span class='ocrx_word' id='word_1_186' title='bbox 528 3263 607 3304; x_wconf 90' lang='lat' dir='ltr'>sans</span> <span class='ocrx_word' id='word_1_187' title='bbox 636 3241 737 3304; x_wconf 86' lang='lat' dir='ltr'>culte.</span> <span class='ocrx_word' id='word_1_188' title='bbox 768 3239 855 3305; x_wconf 90' lang='lat' dir='ltr'>Mais</span> <span class='ocrx_word' id='word_1_189' title='bbox 878 3265 925 3305; x_wconf 92' lang='lat' dir='ltr'>un</span> <span class='ocrx_word' id='word_1_190' title='bbox 951 3247 1095 3328; x_wconf 60' lang='lat' dir='ltr'>eroque,</span> <span class='ocrx_word' id='word_1_191' title='bbox 1118 3264 1202 3328; x_wconf 90' lang='lat' dir='ltr'>pour</span> <span class='ocrx_word' id='word_1_192' title='bbox 1226 3263 1347 3327; x_wconf 89' lang='lat' dir='ltr'>nepas</span> 
     </span>
    </p>
   </div>
   <div class='ocr_carea' id='block_1_5' title="bbox 224 3336 1347 3441">
    <p class='ocr_par' dir='ltr' id='par_1_7' title="bbox 224 3336 1347 3441">
     <span class='ocr_line' id='line_1_24' title="bbox 224 3336 1347 3441; baseline -0.001 -23"><span class='ocrx_word' id='word_1_193' title='bbox 224 3353 382 3418; x_wconf 73' lang='lat' dir='ltr'>s&#39;ecarter</span> <span class='ocrx_word' id='word_1_194' title='bbox 397 3352 438 3418; x_wconf 92' lang='lat' dir='ltr'>de</span> <span class='ocrx_word' id='word_1_195' title='bbox 458 3351 588 3441; x_wconf 84' lang='lat' dir='ltr'>l&#39;esprit</span> <span class='ocrx_word' id='word_1_196' title='bbox 607 3351 648 3416; x_wconf 89' lang='lat' dir='ltr'>de</span> <span class='ocrx_word' id='word_1_197' title='bbox 668 3336 824 3438; x_wconf 80' lang='lat' dir='ltr'>l&#39;Eglisc,</span> <span class='ocrx_word' id='word_1_198' title='bbox 847 3352 996 3419; x_wconf 88' lang='lat' dir='ltr'>n’admet</span> <span class='ocrx_word' id='word_1_199' title='bbox 1015 3378 1080 3419; x_wconf 79' lang='lat' dir='ltr'>aux</span> <span class='ocrx_word' id='word_1_200' title='bbox 1100 3354 1216 3419; x_wconf 89' lang='lat' dir='ltr'>ordres</span> <span class='ocrx_word' id='word_1_201' title='bbox 1237 3361 1347 3418; x_wconf 77' lang='lat' dir='ltr'>sacres</span> 
     </span>
    </p>
   </div>
   <div class='ocr_carea' id='block_1_6' title="bbox 223 3466 1347 4010">
    <p class='ocr_par' dir='ltr' id='par_1_8' title="bbox 223 3466 1346 3784">
     <span class='ocr_line' id='line_1_25' title="bbox 224 3466 1346 3555; baseline 0 -23"><span class='ocrx_word' id='word_1_202' title='bbox 224 3490 290 3555; x_wconf 90' lang='lat' dir='ltr'>que</span> <span class='ocrx_word' id='word_1_203' title='bbox 315 3467 365 3532; x_wconf 88' lang='lat' dir='ltr'>les</span> <span class='ocrx_word' id='word_1_204' title='bbox 385 3466 492 3552; x_wconf 86' lang='lat' dir='ltr'>sujets</span> <span class='ocrx_word' id='word_1_205' title='bbox 513 3467 719 3532; x_wconf 77' lang='lat' dir='ltr'>necessaires</span> <span class='ocrx_word' id='word_1_206' title='bbox 746 3490 789 3531; x_wconf 95' lang='lat' dir='ltr'>ou</span> <span class='ocrx_word' id='word_1_207' title='bbox 817 3468 917 3532; x_wconf 89' lang='lat' dir='ltr'>utiles</span> <span class='ocrx_word' id='word_1_208' title='bbox 945 3479 964 3533; x_wconf 82' lang='lat' dir='ltr'>a</span> <span class='ocrx_word' id='word_1_209' title='bbox 994 3491 1055 3533; x_wconf 91' lang='lat' dir='ltr'>son</span> <span class='ocrx_word' id='word_1_210' title='bbox 1080 3468 1230 3548; x_wconf 74' lang='lat' dir='ltr'>diocese;</span> <span class='ocrx_word' id='word_1_211' title='bbox 1261 3467 1285 3531; x_wconf 94' lang='lat' dir='ltr'>il</span> <span class='ocrx_word' id='word_1_212' title='bbox 1304 3490 1346 3532; x_wconf 86' lang='lat' dir='ltr'>ne</span> 
     </span>
     <span class='ocr_line' id='line_1_26' title="bbox 224 3579 1346 3669; baseline -0.001 -24"><span class='ocrx_word' id='word_1_213' title='bbox 224 3580 297 3646; x_wconf 89' lang='lat' dir='ltr'>doit</span> <span class='ocrx_word' id='word_1_214' title='bbox 317 3603 376 3668; x_wconf 93' lang='lat' dir='ltr'>pas</span> <span class='ocrx_word' id='word_1_215' title='bbox 403 3603 444 3644; x_wconf 91' lang='lat' dir='ltr'>en</span> <span class='ocrx_word' id='word_1_216' title='bbox 465 3580 633 3644; x_wconf 90' lang='lat' dir='ltr'>ordonner</span> <span class='ocrx_word' id='word_1_217' title='bbox 653 3579 818 3661; x_wconf 81' lang='lat' dir='ltr'>d&#39;autreS‚</span> <span class='ocrx_word' id='word_1_218' title='bbox 847 3589 865 3644; x_wconf 80' lang='lat' dir='ltr'>a</span> <span class='ocrx_word' id='word_1_219' title='bbox 892 3582 1002 3646; x_wconf 91' lang='lat' dir='ltr'>moins</span> <span class='ocrx_word' id='word_1_220' title='bbox 1022 3580 1122 3669; x_wconf 86' lang='lat' dir='ltr'>qu&#39;ils</span> <span class='ocrx_word' id='word_1_221' title='bbox 1148 3581 1274 3646; x_wconf 80' lang='lat' dir='ltr'>n’aient</span> <span class='ocrx_word' id='word_1_222' title='bbox 1300 3603 1346 3644; x_wconf 94' lang='lat' dir='ltr'>un</span> 
     </span>
     <span class='ocr_line' id='line_1_27' title="bbox 223 3693 1277 3784; baseline 0.002 -25"><span class='ocrx_word' id='word_1_223' title='bbox 223 3695 303 3759; x_wconf 85' lang='lat' dir='ltr'>titre</span> <span class='ocrx_word' id='word_1_224' title='bbox 322 3693 556 3782; x_wconf 85' lang='lat' dir='ltr'>patrimonial‚</span> <span class='ocrx_word' id='word_1_225' title='bbox 578 3717 621 3758; x_wconf 93' lang='lat' dir='ltr'>ou</span> <span class='ocrx_word' id='word_1_226' title='bbox 641 3694 673 3758; x_wconf 93' lang='lat' dir='ltr'>le</span> <span class='ocrx_word' id='word_1_227' title='bbox 688 3695 766 3759; x_wconf 85' lang='lat' dir='ltr'>titre</span> <span class='ocrx_word' id='word_1_228' title='bbox 786 3694 827 3758; x_wconf 89' lang='lat' dir='ltr'>de</span> <span class='ocrx_word' id='word_1_229' title='bbox 843 3702 1004 3783; x_wconf 77' lang='lat' dir='ltr'>pauvrete</span> <span class='ocrx_word' id='word_1_230' title='bbox 1024 3695 1203 3784; x_wconf 87' lang='lat' dir='ltr'>religieuse</span> <span class='ocrx_word' id='word_1_231' title='bbox 1216 3698 1236 3760; x_wconf 75' lang='lat'>².</span> <span class='ocrx_word' id='word_1_232' title='bbox 1262 3723 1277 3754; x_wconf 89' lang='lat'>»</span> 
     </span>
    </p>

    <p class='ocr_par' dir='ltr' id='par_1_9' title="bbox 223 3807 1347 4010">
     <span class='ocr_line' id='line_1_28' title="bbox 269 3807 1347 3894; baseline 0.001 -23"><span class='ocrx_word' id='word_1_233' title='bbox 269 3808 301 3872; x_wconf 83' lang='lat'>2.</span> <span class='ocrx_word' id='word_1_234' title='bbox 329 3807 476 3872; x_wconf 88' lang='lat' dir='ltr'>Bouvier</span> <span class='ocrx_word' id='word_1_235' title='bbox 494 3807 619 3894; x_wconf 88' lang='lat' dir='ltr'>pariter</span> <span class='ocrx_word' id='word_1_236' title='bbox 647 3808 719 3872; x_wconf 84' lang='lat' dir='ltr'>haec</span> <span class='ocrx_word' id='word_1_237' title='bbox 745 3807 851 3874; x_wconf 91' lang='lat' dir='ltr'>dicit:</span> <span class='ocrx_word' id='word_1_238' title='bbox 883 3835 899 3868; x_wconf 79' lang='lat' dir='ltr'>a</span> <span class='ocrx_word' id='word_1_239' title='bbox 933 3808 971 3873; x_wconf 92' lang='lat' dir='ltr'>In</span> <span class='ocrx_word' id='word_1_240' title='bbox 998 3809 1120 3889; x_wconf 87' lang='lat' dir='ltr'>Gallia,</span> <span class='ocrx_word' id='word_1_241' title='bbox 1154 3809 1208 3874; x_wconf 83' lang='lat' dir='ltr'>lex</span> <span class='ocrx_word' id='word_1_242' title='bbox 1237 3809 1347 3873; x_wconf 91' lang='lat' dir='ltr'>civilis</span> 
     </span>
     <span class='ocr_line' id='line_1_29' title="bbox 223 3920 1346 4010; baseline 0 -24"><span class='ocrx_word' id='word_1_243' title='bbox 223 3921 290 3987; x_wconf 88' lang='lat' dir='ltr'>diei</span> <span class='ocrx_word' id='word_1_244' title='bbox 320 3920 339 3987; x_wconf 89' lang='lat'>8</span> <span class='ocrx_word' id='word_1_245' title='bbox 364 3921 481 4010; x_wconf 89' lang='lat' dir='ltr'>aprilis</span> <span class='ocrx_word' id='word_1_246' title='bbox 502 3921 605 4004; x_wconf 75' lang='lat'><strong>1802,</strong></span> <span class='ocrx_word' id='word_1_247' title='bbox 627 3921 731 4008; x_wconf 84' lang='lat' dir='ltr'>vulgo</span> <span class='ocrx_word' id='word_1_248' title='bbox 755 3921 904 3987; x_wconf 83' lang='lat' dir='ltr'>Articlea</span> <span class='ocrx_word' id='word_1_249' title='bbox 928 3924 1148 4009; x_wconf 75' lang='lat' dir='ltr'>orqaniqucs‚</span> <span class='ocrx_word' id='word_1_250' title='bbox 1175 3922 1346 4010; x_wconf 88' lang='lat' dir='ltr'>prohibuit</span> 
     </span>
    </p>
   </div>
   <div class='ocr_carea' id='block_1_7' title="bbox 224 4107 1347 4322">
    <p class='ocr_par' dir='ltr' id='par_1_10' title="bbox 224 4107 1347 4322">
     <span class='ocr_line' id='line_1_30' title="bbox 256 4107 1160 4173; baseline 0.004 -19"><span class='ocrx_word' id='word_1_251' title='bbox 256 4107 264 4140; x_wconf 86' lang='lat'><strong>¹</strong></span> <span class='ocrx_word' id='word_1_252' title='bbox 284 4107 468 4164; x_wconf 82' lang='lat' dir='ltr'>Collectanca,</span> <span class='ocrx_word' id='word_1_253' title='bbox 485 4123 511 4156; x_wconf 89' lang='lat' dir='ltr'>n.</span> <span class='ocrx_word' id='word_1_254' title='bbox 527 4113 601 4165; x_wconf 76' lang='lat'>1180,</span> <span class='ocrx_word' id='word_1_255' title='bbox 618 4108 661 4158; x_wconf 85' lang='lat' dir='ltr'>vel</span> <span class='ocrx_word' id='word_1_256' title='bbox 676 4110 747 4171; x_wconf 89' lang='lat' dir='ltr'>apud</span> <span class='ocrx_word' id='word_1_257' title='bbox 763 4110 859 4158; x_wconf 84' lang='lat' dir='ltr'>Acta...</span> <span class='ocrx_word' id='word_1_258' title='bbox 876 4123 949 4158; x_wconf 85' lang='lat' dir='ltr'>conc.</span> <span class='ocrx_word' id='word_1_259' title='bbox 967 4111 1047 4168; x_wconf 76' lang='lat' dir='ltr'>Bait,</span> <span class='ocrx_word' id='word_1_260' title='bbox 1064 4127 1090 4173; x_wconf 91' lang='lat' dir='ltr'>p.</span> <span class='ocrx_word' id='word_1_261' title='bbox 1107 4117 1160 4159; x_wconf 78' lang='lat'>210.</span> 
     </span>
     <span class='ocr_line' id='line_1_31' title="bbox 255 4184 1347 4252; baseline 0.002 -19"><span class='ocrx_word' id='word_1_262' title='bbox 255 4185 266 4219; x_wconf 83' lang='lat'>²</span> <span class='ocrx_word' id='word_1_263' title='bbox 287 4184 432 4248; x_wconf 72' lang='lat' dir='ltr'>Tlrtolopie</span> <span class='ocrx_word' id='word_1_264' title='bbox 448 4187 562 4242; x_wconf 83' lang='lat' dir='ltr'>morale,</span> <span class='ocrx_word' id='word_1_265' title='bbox 582 4187 669 4238; x_wconf 81' lang='lat' dir='ltr'>Paris.</span> <span class='ocrx_word' id='word_1_266' title='bbox 687 4191 762 4236; x_wconf 73' lang='lat' dir='ltr'>islo.</span> <span class='ocrx_word' id='word_1_267' title='bbox 779 4191 798 4237; x_wconf 81' lang='lat' dir='ltr'>t.</span> <span class='ocrx_word' id='word_1_268' title='bbox 815 4203 846 4246; x_wconf 74' lang='lat' dir='ltr'>u,</span> <span class='ocrx_word' id='word_1_269' title='bbox 864 4204 889 4237; x_wconf 91' lang='lat' dir='ltr'>n.</span> <span class='ocrx_word' id='word_1_270' title='bbox 906 4193 963 4238; x_wconf 82' lang='grc'>669.</span> <span class='ocrx_word' id='word_1_271' title='bbox 982 4205 1008 4252; x_wconf 91' lang='lat' dir='ltr'>p.</span> <span class='ocrx_word' id='word_1_272' title='bbox 1025 4193 1083 4239; x_wconf 70' lang='lat' dir='ltr'>tol:</span> <span class='ocrx_word' id='word_1_273' title='bbox 1100 4191 1136 4238; x_wconf 84' lang='lat' dir='ltr'>ita</span> <span class='ocrx_word' id='word_1_274' title='bbox 1152 4191 1233 4238; x_wconf 84' lang='lat' dir='ltr'>etiam</span> <span class='ocrx_word' id='word_1_275' title='bbox 1248 4189 1275 4236; x_wconf 90' lang='lat' dir='ltr'>in</span> <span class='ocrx_word' id='word_1_276' title='bbox 1291 4190 1347 4236; x_wconf 82' lang='lat' dir='ltr'>edi-</span> 
     </span>
     <span class='ocr_line' id='line_1_32' title="bbox 224 4263 519 4322; baseline 0 -11"><span class='ocrx_word' id='word_1_277' title='bbox 224 4263 346 4312; x_wconf 87' lang='lat' dir='ltr'>tionibus</span> <span class='ocrx_word' id='word_1_278' title='bbox 361 4268 435 4322; x_wconf 79' lang='lat'><strong>1855,</strong></span> <span class='ocrx_word' id='word_1_279' title='bbox 449 4269 519 4313; x_wconf 82' lang='lat'><strong>1869.</strong></span> 
     </span>
    </p>
   </div>
   <div class='ocr_carea' id='block_1_8' title="bbox 0 0 1662 5052">
    <p class='ocr_par' dir='ltr' id='par_1_11' title="bbox 0 0 1662 5052">
     <span class='ocr_line' id='line_1_33' title="bbox 0 0 1662 5052; baseline 0 1"><span class='ocrx_word' id='word_1_280' title='bbox 0 0 1662 5052; x_wconf 95' lang='lat' dir='ltr'> </span> 
     </span>
    </p>
   </div>
  </div>
 </body>
</html>
