3270 5050
313 391 341 444 02
584 393 628 443 DE
647 393 785 444 LEGIBUS
804 392 918 442 SACRAE
937 389 1173 442 ORDlNh'llONlS

316 539 404 600 inter
426 559 460 600 se
478 542 645 621 potestate
668 535 840 622 spirituali
860 535 1022 620 praeditos
1047 533 1208 614 affirmet,
1235 533 1321 598 nihil
1348 533 1442 598 aliud

315 649 423 714 facere
450 650 597 732 videtur,
629 671 731 738 quarn
758 648 1022 714 ecclesiasticam
1050 647 1270 712 hierarchiam
1298 647 1442 713 conlun-

316 764 412 844 dere,
435 771 529 829 etc...
555 791 572 824 ›>
596 801 639 812 -
664 763 789 829 Existit
813 763 926 850 itaque
950 762 1039 826 inter
1062 761 1167 826 laicos
1191 769 1225 826 et
1248 762 1442 827 sacerdotes

318 878 498 942 discrimen
519 878 715 962 essentiale,
739 878 928 966 etquidem
944 877 1022 964 jure
1042 876 1171 942 divine.

363 994 396 1056 5⁰
417 992 550 1056 Erravit
570 1015 650 1078 ergo
670 993 820 1080 graviter
839 999 873 1056 et
891 991 1047 1056 haeretice
1068 990 1248 1070 Calvinus,
1271 990 1352 1054 dum
1372 991 1442 1054 hirc

318 1107 382 1170 tria
402 1105 584 1170 affirmavit
601 1127 608 1172 :
633 1109 664 1172 1.
681 1107 858 1172 Neminem
880 1105 888 1184 l
898 1113 1020 1194 praeter
1034 1104 1225 1189 Christum)
1239 1127 1314 1169 esse
1334 1128 1443 1168 sacer-

319 1219 449 1302 dotem,
472 1222 516 1284 sel
540 1222 749 1305 offerendam
767 1221 971 1306 placationis
995 1221 1161 1302 hostiem;
1179 1257 1223 1268 —
1242 1219 1274 1284 2.
1302 1219 1443 1283 Nullum

320 1357 393 1398 esse
420 1335 602 1398 discrimen
631 1335 720 1399 inter
750 1334 856 1399 laicos
883 1341 917 1398 et
950 1333 1159 1413 sacerdotes,
1189 1333 1236 1398 ita
1263 1340 1301 1396 ul
1326 1355 1443 1396 omnes

320 1449 389 1514 sint
412 1447 588 1536 aequaliter
611 1449 821 1528 sacerdoteS,
847 1447 891 1512 ad
914 1447 1033 1512 laudes
1062 1454 1096 1513 et
1123 1447 1309 1534 gratiarum
1340 1446 1444 1512 aclio-

320 1587 397 1643 nes,
429 1563 471 1627 ad
500 1585 536 1628 se
565 1586 694 1650 suaque
724 1562 912 1641 ollerenda;
944 1599 987 1612 -
1019 1563 1050 1628 3,
1080 1561 1206 1625 Verum
1241 1560 1445 1648 presbyterii

321 1699 462 1758 munus,
489 1677 580 1765 quod
608 1676 766 1741 Christus
791 1676 957 1754 instituit,
991 1675 1163 1740 exclusive
1195 1675 1381 1739 consistere
1410 1675 1445 1738 in

321 1791 509 1855 ministerio
528 1791 751 1878 praedicandi,
773 1789 1001 1878 pascendique
1021 1789 1169 1854 fidelesl.
1193 1787 1374 1854 Calvinum
1395 1811 1446 1853 se-

323 1906 392 1970 cuti
412 1911 492 1968 sunt
511 1904 610 1969 multi
631 1905 864 1970 protestantes
876 1909 898 1968 ².

369 2119 407 2185 2.
428 2153 472 2166 -
493 2116 763 2184 Sacerdotium
784 2117 913 2204 majus
932 2123 971 2200 et
990 2115 1140 2200 minus,
1162 2135 1231 2183 seu
1250 2114 1447 2201 episcope·

323 2235 388 2298 tus
407 2237 446 2296 et
463 2229 774 2344 presbyteratus.

371 2347 403 2408 1ο
426 2345 585 2430 Episcopi
603 2345 816 2430 presbyteris
838 2346 1028 2429 superiores
1051 2353 1131 2408 sunt
1148 2345 1234 2429 jure
1257 2344 1383 2406 divino.
1405 2381 1449 2389 -—

327 2459 529 2546 Episcopus,
551 2458 681 2523 ratione
698 2459 969 2544 jurisdictionis,
992 2457 1183 2544 superiores
1208 2479 1282 2520 esse
1306 2454 1450 2543 presby-

325 2571 422 2652 teris,
445 2571 623 2637 indubium
643 2579 712 2653 est,
730 2595 824 2652 cum,
846 2579 884 2636 ut
908 2571 989 2636 alibi
1008 2572 1270 2652 demonstratur,
1294 2571 1450 2637 Christus

327 2686 513 2751 Ecclesiam
540 2709 636 2752 suam
660 2687 732 2774 regi
751 2687 910 2776 jusserit,
936 2710 1005 2752 non
1029 2711 1049 2752 a
1072 2687 1298 2774 preshyteris,
1325 2687 1385 2752 sed
1409 2685 1451 2750 ab

327 2801 509 2887 episcopis;
533 2802 574 2864 de
590 2824 657 2889 quo
672 2801 707 2865 in
721 2802 881 2889 praesenti
896 2825 965 2866 non
981 2801 1158 2889 qumritur;
1176 2802 1289 2887 egitur
1304 2801 1359 2864 hic
1374 2808 1452 2864 tan-

328 2922 402 2978 tum
426 2913 467 2979 de
492 2915 727 3002 superioritate
752 2916 988 3003 episcoporum
1014 2916 1143 2979 ratione
1163 2915 1341 3000 potestatis
1361 2913 1452 2978 ordi-

330 3029 392 3092 nis.
420 3027 504 3092 Dico
524 3051 622 3115 ergo,
645 3031 774 3094 ratione
793 3030 971 3114 potestatis
995 3030 1141 3110 ordinis,
1164 3030 1349 3114 episcopos,
1369 3023 1453 3113 jure

330 3141 458 3224 divine,
489 3144 679 3228 superiores
711 3166 778 3207 esse
805 3143 1027 3228 preshyteris.
1062 3141 1134 3207 Soli
1165 3142 1256 3206 enim
1285 3141 1451 3228 episcopi,

332 3254 479 3319 exclusis
497 3255 723 3344 presbyteris,
746 3257 900 3321 ordinare
920 3262 1065 3344 possunt
1085 3255 1170 3320 alios
1190 3257 1375 3341 episcopos,
1398 3261 1456 3318 aut

328 3370 562 3454 presbyteros,
585 3377 645 3435 aut
662 3371 819 3436 diaconos
831 3372 854 3456 ³,
877 3378 910 3436 et
930 3371 994 3434 hoc
1015 3393 1057 3434 ex
1077 3369 1292 3434 institutione
1315 3367 1452 3434 Christi.

332 3521 377 3530 -
396 3483 563 3549 Constat:

366 3651 497 3710 Mastia,
513 3651 561 3700 lib.
578 3651 623 3712 IV,
645 3670 668 3702 c.
684 3670 740 3712 xix,
762 3671 787 3703 n.
809 3659 851 3712 28,
872 3655 1176 3713 Amstelodami,1667,
1197 3669 1223 3716 p.
1245 3655 1303 3710 3953
1324 3651 1358 3699 cl.
1379 3651 1456 3706 lust„

334 3731 382 3778 lib.
399 3729 445 3789 lV,
462 3746 485 3778 c.
502 3746 579 3788 xviri,
595 3747 621 3780 n.
639 3731 706 3795 tlp.
723 3733 792 3797 ³83).

367 3809 379 3842 ¹
395 3809 543 3858 Adducunt
557 3811 584 3856 in
595 3811 636 3858 sui
646 3811 767 3858 levorem
780 3811 869 3860 locum
881 3811 1051 3870 Tertulliani,
1063 3811 1102 3858 De
1115 3809 1304 3859 exhortatione
1316 3806 1457 3863 castitalis,

337 3902 360 3934 c.
377 3899 427 3943 νιν,
447 3886 551 3948 Migne,
567 3887 597 3935 P.
613 3889 652 3946 L.,
670 3892 689 3938 t.
706 3905 736 3947 u,
753 3891 804 3937 col.
821 3895 875 3936 922.
894 3889 962 3936 Vide
982 3889 1054 3936 hunc
1073 3889 1162 3938 locum
1178 3889 1331 3936 discussum
1345 3890 1373 3935 et
1386 3889 1460 3934 rectc

338 3964 490 4025 expositum
514 3965 587 4026 apud
610 3965 742 4024 Perrone,
769 3967 892 4016 Praeteri.
919 3966 1011 4024 tneor„
1038 3967 1076 4014 De
1105 3965 1215 4023 ordine,
1241 3982 1266 4013 n.
1287 3969 1314 4013 11
1336 3979 1388 4027 sq„
1417 3964 1459 4011 ed.

338 4043 441 4104 liliisne,
456 4046 530 4101 1852,
547 4045 566 4092 t.
583 4059 614 4100 u,
631 4059 657 4106 p.
674 4048 728 4090 iso.

370 4122 380 4152 ³
395 4120 554 4182 Quanquam
575 4136 628 4168 non
646 4137 728 4182 nch,
745 4123 857 4170 relative
876 4124 911 4170 nd
925 4121 1066 4182 diaconos,
1083 4123 1227 4186 aliqualem
1243 4124 1302 4170 csse
1316 4121 1461 4170 difficulta-

339 4203 407 4258 tcm,
424 4199 457 4246 de
470 4213 523 4260 qua
537 4199 619 4256 intra,
636 4214 661 4246 n.
679 4199 737 4258 59,
755 4205 789 4247 3⁰.
