3270 5050
303 476 339 528 ta
571 479 614 526 DE
633 477 772 528 LEGIBUS
792 477 906 528 SACRAE
925 477 1162 528 ORDINATIONIS

303 619 393 685 unde
412 620 516 684 etiam
534 619 649 708 plures
663 627 796 686 veteres
817 621 981 686 Doctores
1000 643 1158 708 expresse
1177 618 1295 684 dicunt
1313 619 1430 683 Eccle-

302 735 388 798 siam
410 732 473 798 hos
496 733 632 798 ordines
656 735 846 800 instituisse
871 735 1016 799 decursu
1039 741 1249 822 temporum,
1271 733 1429 819 exigente

302 847 522 927 necessitate;
553 871 586 912 v.
620 872 669 936 g.,
696 849 907 930 Amalarius,
939 849 1014 936 qui,
1046 854 1230 936 postquam
1261 847 1430 912 recensuit

303 961 529 1027 sacerdotium
549 968 583 1026 et
606 962 840 1042 diaconatum,
863 991 878 1022 ι(
908 963 980 1027 sine
1000 961 1124 1050 quibus
1143 984 1212 1026 non
1231 969 1345 1050 potest
1364 961 1428 1026 rite

303 1075 490 1140 immolatio
514 1075 632 1140 altaris
656 1076 834 1157 celebrari,
863 1105 878 1137 n
896 1075 1013 1143 addit:
1039 1105 1055 1136 n
1082 1075 1193 1140 Ceteri
1217 1077 1351 1140 ordines
1376 1077 1428 1138 his

302 1189 427 1274 adjecti
449 1198 549 1272 sunt,·
567 1199 731 1254 crescente
750 1191 916 1274 Ecclesia,
938 1191 1041 1254 crevit
1060 1191 1215 1275 officium
1234 1190 1428 1255 ecclesiasti-

302 1322 399 1386 cum,·
421 1309 461 1368 ut
488 1303 699 1368 multitudini
725 1304 885 1368 Ecclesiae
909 1303 1082 1368 subveniri
1104 1311 1237 1391 posset,
1259 1305 1429 1390 adjiciun-

303 1424 361 1480 tur
387 1417 581 1502 inferiores,
610 1417 645 1480 in
671 1417 839 1504 adjutorio
869 1418 1165 1505 praepositorum
1201 1445 1217 1478 »
1247 1417 1298 1481 Ita
1327 1418 1428 1481 etiam

303 1530 340 1594 P.
364 1529 598 1596 Lombardus:
621 1558 637 1592 α
662 1531 799 1596 Levitas
818 1531 920 1596 etiam
939 1531 981 1596 ab
1001 1531 1165 1620 apostolis
1188 1531 1363 1596 ordinatos
1381 1530 1427 1596 Ie·

301 1644 432 1732 gimus;
459 1667 605 1732 quorum
629 1646 798 1710 maximus
823 1645 887 1710 tuit
910 1645 1030 1710 beatus
1055 1645 1260 1733 Stephanus,
1283 1645 1427 1710 Subdia·

301 1781 400 1823 conos
419 1781 500 1824 vero
520 1766 555 1824 et
574 1759 766 1845 acolythos,
783 1761 985 1844 procedente
1006 1768 1171 1845 tempore,
1194 1759 1344 1823 Ecclesia
1362 1759 1428 1823 sibi

300 1875 507 1938 constituiffl.
528 1898 543 1937 r
559 1873 657 1939 Unde
676 1873 780 1938 etiam
799 1897 901 1962 supra
920 1875 1018 1938 relati
1040 1873 1087 1960 (n.
1104 1873 1143 1959 8,
1158 1873 1203 1962 3⁰)
1220 1871 1378 1939 Urbanus
1396 1871 1426 1936 II

301 1993 335 2049 et
361 1987 461 2071 IIugo
487 2011 506 2050 a
531 1985 565 2051 S.
588 1987 724 2051 Victore
750 1987 869 2051 dicunt
893 1989 927 2050 in
949 1988 1125 2072 primitiva
1150 1987 1299 2052 Ecclesia
1322 1987 1428 2071 subse

300 2100 387 2163 solos
405 2101 593 2164 sacerdotes
611 2109 644 2163 et
668 2101 843 2184 diaconos,·
862 2101 954 2189 quod
974 2101 1077 2166 etiam
1096 2101 1243 2165 affirmat
1263 2101 1426 2164 Innocen-

300 2213 379 2294 tius,
395 2237 468 2300 cap.
484 2213 515 2277 A
533 2215 662 2298 multis,
683 2213 715 2297 9,
734 2215 785 2280 Dc
805 2235 911 2280 nmrn
929 2235 969 2280 nr
988 2236 1178 2295 onitirirn,
1201 2221 1281 2296 etc,
1297 2221 1331 2278 et
1351 2237 1423 2302 cap.

300 2326 486 2412 Miramur,
509 2329 540 2410 7,
564 2329 615 2393 Dn
634 2349 744 2394 sanus
768 2350 831 2394 non
855 2350 1056 2395 carminare.
1080 2327 1224 2407 Quando
1245 2352 1326 2416 ergo
1347 2350 1427 2392 con-

300 2440 416 2505 cilium
436 2441 542 2526 Trid.,
564 2465 637 2530 cap.
662 2443 750 2507 Cum
770 2451 900 2526 autem,
918 2444 954 2526 2,
974 2467 1059 2508 sess.
1081 2442 1211 2526 XXIII,
1230 2443 1281 2508 Ds
1296 2462 1425 2524 onnrnn,

299 2553 418 2618 dicit«
441 2557 485 2620 ab
509 2557 580 2642 ipso
599 2556 755 2622 Ecclesia
781 2559 918 2624 initio...
941 2557 975 2622 in
1000 2580 1065 2622 usu
1085 2556 1188 2621 fuisse
1211 2583 1227 2616 n
1248 2555 1427 2621 subdiaco-

299 2675 418 2732 natum
437 2677 471 2733 et
491 2669 626 2734 ordines
646 2671 811 2752 minores,
829 2670 900 2734 haec
915 2670 1018 2736 verba
1039 2671 1109 2756 ipso
1130 2671 1226 2734 initio
1240 2691 1309 2734 non
1328 2667 1427 2733 intel-

298 2782 434 2868 liganda
453 2791 533 2848 sunt
553 2783 668 2849 stricte
683 2783 724 2849 de
743 2782 955 2871 temporibus
974 2784 1185 2872 apostoliciS,
1203 2784 1264 2848 sed
1283 2783 1324 2848 de
1345 2783 1426 2847 duo-

298 2894 361 2960 bus
392 2897 525 2961 circiter
554 2897 723 2984 prioribus
754 2898 903 2980 saeculis,
940 2921 1015 2986 quae
1048 2921 1127 2962 vere
1161 2903 1242 2962 sunt
1273 2903 1425 2984 tempora

298 3010 470 3075 nascentis
489 3011 661 3077 Ecclesiae.
683 3051 728 3062 —
747 3011 892 3077 Constat
910 3013 1050 3100 insuper
1068 3011 1221 3076 deiectus
1240 3011 1425 3076 institutio-

298 3124 351 3188 nis
367 3124 489 3190 divinac
509 3125 621 3213 quoad
639 3126 703 3190 hos
722 3127 869 3208 ordines,
888 3154 904 3187 α
923 3149 965 3191 ex
984 3127 1127 3191 istorum
1146 3125 1304 3190 ordinum
1324 3125 1424 3190 modo

297 3238 414 3321 unius,
436 3239 537 3303 modo
556 3239 712 3322 alterius,
736 3248 794 3305 aut
813 3241 916 3305 etiam
934 3241 1100 3329 plurium,
1117 3240 1312 3323 cessatione,
1330 3239 1424 3303 addi-

298 3353 397 3434 tione,
416 3352 662 3438 imminutione,
680 3355 898 3439 abropatione
914 3362 948 3419 et
964 3355 1208 3418 instauratione
1214 3403 1224 3437 ,
1243 3377 1318 3441 quac
1333 3360 1423 3418 certe

298 3465 333 3529 in
356 3488 428 3530 rem
451 3465 616 3531 divinitus
639 3467 975 3552 institutamcadere
998 3490 1068 3532 non
1091 3467 1268 3555 possunt³.
1298 3495 1314 3528 »
1341 3467 1423 3546 Quae

297 3579 458 3662 cessatio,
486 3579 630 3663 additio,
660 3589 755 3648 etc...
786 3588 1012 3646 constanter
1043 3604 1144 3668 supra
1176 3580 1264 3645 facta
1292 3581 1423 3668 exposi-

296 3693 389 3757 tione
407 3692 580 3760 historica.
597 3734 641 3744 —
655 3696 726 3760 Nec
745 3695 838 3760 dicas
857 3717 934 3760 cum
953 3693 1157 3784 quibusdam
1166 3695 1189 3776 ⁴,
1206 3695 1269 3759 hos
1288 3693 1423 3759 ordines

329 3895 337 3928 ¹
356 3895 521 3954 similarius,
536 3895 575 3944 De
590 3895 780 3944 ecclesiasticis
794 3897 904 3961 officiis,
920 3896 968 3944 lib.
985 3896 1019 3957 ΙΙ,
1032 3911 1057 3946 c.
1073 3909 1113 3956 vr;
1129 3897 1229 3959 Migne,
1245 3896 1275 3944 P.
1286 3897 1327 3954 L„
1342 3899 1362 3946 t.
1378 3911 1421 3956 cr,

343 4009 348 4022 .
380 3980 394 4020 0
429 4009 435 4021 .

297 3973 339 4084 ⁰⁰}
354 3979 437 4109 Sisriti,
452 4051 500 4100 lib.
517 4051 563 4110 IV,
582 4053 645 4101 dist.
666 4052 764 4112 xxiv,
785 4069 811 4102 n.
827 4060 856 4114 ⁹3
876 4053 980 4116 MIgne,
996 4053 1027 4101 P.
1046 4053 1086 4112 L.,
1106 4056 1127 4103 t.
1143 4069 1226 4113 cxcn,
1247 4053 1300 4102 col.
1316 4057 1375 4112 90t;
1391 4079 1422 4088 -

296 4130 331 4179 cI.
346 4131 428 4179 ctiam
443 4129 592 4190 Morinum,
608 4131 657 4180 loc.
674 4131 719 4179 cil.

327 4209 338 4244 ³
356 4209 423 4257 IIaec
437 4209 520 4256 verba
535 4212 599 4257 sunt
614 4209 643 4258 P.
660 4209 792 4269 Perrone,
809 4211 859 4259 loc.
876 4209 922 4259 cit.

327 4289 339 4321 ⁴
357 4288 389 4334 V.
401 4303 436 4350 g.‚
452 4288 486 4336 D.
498 4288 630 4346 Thomas,
645 4287 739 4350 SuppI.
751 4291 821 4351 part.
839 4289 891 4347 III,
907 4305 933 4350 q.
945 4303 1048 4347 xxxvii,
1065 4291 1115 4338 art.
1129 4295 1151 4346 2,
1165 4289 1198 4336 nd
1210 4293 1238 4348 2;
1253 4314 1284 4325 -
1295 4288 1320 4337 S.
1334 4289 1422 4336 Bona-
