3246 5052
359 519 401 568 DE
422 519 633 570 REPARANDIS
653 519 907 570 onnrsnrloxt'n
926 521 1129 573 DEFECTIBUS
1256 522 1306 574 513

181 685 295 728 neniis
316 684 378 729 nox
399 682 588 727 rrnnnnms:
621 691 635 722 α
666 663 848 748 Presbyter
868 670 901 726 et
921 663 1098 746 diaconus,
1120 689 1196 731 cum
1217 667 1307 732 ordi-

182 785 318 851 nantur,
346 800 467 842 manus
489 777 741 864 impositionem
768 777 951 864 recipiunt;
974 780 1066 866 qnod
1090 780 1117 844 si
1145 782 1306 846 omissum

181 891 293 972 fuerit,
316 915 383 955 non
404 899 457 956 est
471 891 686 978 aliquatenus
706 892 909 971 iterandum,
928 893 999 974 sed,
1016 903 1144 958 statuto
1160 905 1308 981 tempore

181 1007 225 1069 ad
244 1006 444 1092 hujusmodi
459 1006 594 1069 ordines
605 1007 838 1090 conferendos,
856 1013 953 1070 caute
970 1008 1196 1094 supplendum
1217 1010 1308 1098 quod

181 1143 241 1206 per
261 1143 407 1184 errorem
428 1119 542 1183 extitit
557 1119 835 1206 pretermissum.
862 1150 877 1180 n

227 1235 263 1296 2⁰
282 1234 317 1298 Si
337 1234 485 1297 omissus
510 1232 610 1296 fuerit
634 1233 719 1296 ritus
743 1234 844 1297 dabie
870 1237 1069 1307 essentialis,
1087 1239 1308 1302 controverti·

182 1355 237 1413 tur
265 1355 397 1428 utrum,
424 1347 466 1412 ad
494 1346 718 1433 reparandum
752 1345 937 1419 defectum,
964 1351 1135 1436 expectari
1163 1349 1309 1415 debcant

183 1469 309 1527 statuta
339 1470 504 1549 tempora,
538 1483 580 1524 an
609 1461 756 1547 reparari
784 1462 892 1548 possit
923 1463 1043 1549 quovis
1073 1464 1138 1528 die.
1168 1464 1308 1551 Agitata

181 1576 239 1640 diu
272 1575 335 1640 fuit
357 1575 586 1640 controversia
612 1575 646 1638 in
677 1575 803 1658 Congr.
832 1574 866 1640 S.
900 1575 1026 1656 Officii,
1056 1601 1110 1642 an.
1142 1577 1244 1659 1697,
1274 1579 1307 1642 in

183 1714 283 1780 supra
316 1696 368 1774 (n.
404 1689 503 1774 295)
538 1689 642 1752 relato
674 1711 754 1752 casu
790 1689 939 1778 episcopi
969 1689 1201 1756 Abellinensis
1232 1693 1306 1780 qui,

182 1805 215 1868 in
236 1805 448 1868 ordinatione
469 1802 755 1891 presbyterorum,
775 1802 998 1868 instrumenta
1020 1827 1079 1890 per
1098 1805 1201 1870 alium
1222 1807 1310 1871 tradi

181 1918 333 1985 curabat.
355 1917 475 1981 Plures
488 1916 677 2004 presbyteri
691 1916 738 1980 sic
759 1917 904 1982 ordinati
920 1918 1102 1983 reordinati
1118 1929 1198 1984 sunt
1212 1930 1309 1985 estre

183 2044 346 2118 tempora.
370 2033 475 2096 Porro
505 2033 540 2096 S.
566 2031 691 2117 Congr.
714 2054 790 2094 cum
817 2031 869 2095 his
899 2032 1111 2119 dispensavit
1135 2037 1179 2098 ad
1198 2045 1309 2100 caute-

183 2148 251 2211 lam
271 2170 372 2232 super
398 2147 507 2233 poenis
534 2146 647 2209 forsan
673 2146 832 2226 incursis,
855 2155 889 2210 et
912 2148 1085 2234 rescripsit
1109 2149 1195 2212 alios
1220 2172 1310 2213 reor-

183 2261 350 2326 dinandos
370 2283 444 2324 esse
468 2269 565 2324 cetra
591 2269 754 2344 tempora.
781 2261 807 2321 V
810 2259 863 2324 ide
888 2268 994 2325 totam
1015 2269 1166 2326 actorum
1187 2263 1308 2327 seriem

182 2376 273 2462 apud
291 2375 461 2460 Riganti¹.
487 2374 536 2437 Ex
557 2374 610 2436 his
625 2373 659 2438 S.
684 2372 807 2460 Congr.
831 2374 1059 2438 decisionibus
1084 2399 1151 2439 non
1175 2377 1310 2441 videtur

182 2490 294 2554 soluta
315 2488 557 2553 controversia.
580 2487 705 2551 Verum
726 2487 895 2552 recentius
915 2488 1031 2552 eadem
1053 2489 1087 2554 S.
1115 2490 1308 2578 Congrega-

182 2605 229 2667 tio
261 2604 387 2691 pluries
417 2603 590 2688 rescripsit
622 2601 816 2689 hujusmodi
845 2603 997 2667 defectus
1031 2605 1177 2690 reparari
1209 2629 1308 2693 posse

182 2740 396 2804 quocumque
416 2718 489 2798 die,
509 2717 556 2779 sic
583 2717 616 2778 in
644 2715 798 2802 pluribus
825 2716 960 2780 casibus
987 2741 1088 2805 supra
1119 2717 1251 2799 relatis,
1274 2720 1309 2783 in

183 2831 304 2918 quibus
324 2831 477 2895 defuerat
496 2831 551 2894 vel
566 2829 688 2903 hostia,
707 2831 759 2893 vel
779 2831 909 2910 vinum,
928 2832 982 2895 vel
1002 2839 1113 2896 tactus
1132 2832 1306 2919 physicuS,

184 2946 237 3008 vel
257 2945 406 3010 secunda
426 2967 587 3008 manuum
612 2943 783 3031 impositio
799 2948 820 3008 ².
849 2945 945 3010 Unde
970 2946 1103 3009 videtur
1123 2945 1187 3010 dici
1208 2969 1308 3034 posse

183 3060 228 3123 ita
248 3059 334 3124 ferre
350 3058 655 3146 jurisprudentiam
671 3057 705 3122 S.
729 3057 850 3137 Officii,
868 3067 906 3122 ut
925 3060 1076 3145 prwdicti
1088 3059 1239 3124 defectus
1257 3084 1308 3124 re-

108 3209 111 3218 ·
182 3173 292 3260 parari
320 3173 453 3260 possint
485 3195 700 3258 qoocnmqnc
720 3173 789 3250 die,
822 3173 855 3235 id
886 3181 953 3250 est,
977 3195 1053 3236 cum
1085 3173 1213 3237 locutio
1244 3174 1307 3238 ista

182 3309 397 3373 quocumque
423 3287 476 3350 dic
505 3285 550 3350 sit
576 3285 754 3372 generaliS,
778 3309 845 3349 non
875 3293 1007 3351 tantum
1034 3286 1153 3351 diebus
1177 3287 1308 3351 festivis

183 3409 241 3466 aut
275 3401 470 3480 dominicis,
504 3400 564 3463 sed
595 3399 697 3464 etiam
730 3399 837 3464 aiiis³.
868 3438 911 3448 —
945 3401 1076 3464 Revera
1110 3401 1308 3488 preadictum

182 3539 255 3603 cap.
285 3517 471 3600 Presbyter
499 3515 569 3600 agit
599 3513 639 3577 de
669 3515 851 3578 omissione
880 3514 966 3579 ritus
994 3524 1083 3578 certo
1110 3516 1305 3597 essentialia,

214 3785 222 3816 ¹
242 3785 273 3833 In
290 3785 457 3847 repatrianti
474 3782 662 3838 Cancettarire,
679 3785 691 3840 ξ
709 3787 733 3840 t,
751 3797 775 3828 n.
795 3787 884 3838 ln-at,
902 3799 927 3843 p.
942 3787 996 3829 ³15.

215 3864 306 3912 ²Acta
321 3863 346 3910 S.
360 3862 449 3920 Sedis,
467 3867 485 3910 t.
500 3877 570 3916 xxxi,
587 3878 612 3923 p.
628 3866 684 3918 t‘tt;
701 3863 720 3908 t.
733 3875 811 3918 xxvii,
829 3877 854 3922 p.
872 3865 931 3913 5552
948 3864 966 3908 t.
979 3875 1048 3918 xxxi,
1065 3877 1090 3922 p.
1107 3865 1166 3920 fito,
1183 3866 1202 3909 t.
1219 3876 1307 3917 xxxin,

184 3959 209 4006 p.
228 3949 284 3997 1282
302 3947 320 3990 Ι,
336 3957 409 3995 xxxi,
426 3957 452 4003 p.
473 3945 523 3988 rat.

214 4023 224 4056 ³
242 4021 330 4069 Semel
350 4025 396 4068 aut
415 4021 512 4068 iterum
533 4020 626 4067 cadem
647 4019 673 4066 S.
695 4019 791 4079 Congr.
813 4019 951 4080 rescripsit
974 4019 1152 4080 reparandum
1172 4017 1307 4065 defectum

183 4103 260 4148 extra
276 4101 410 4161 tempora:
429 4114 488 4160 quie
504 4099 605 4146 locutio
626 4113 677 4144 non
698 4102 739 4145 est
754 4097 822 4144 adeo
841 4097 986 4156 generatis,
1003 4112 1051 4146 nec
1071 4096 1215 4158 complecti
1230 4097 1307 4142 vide-

184 4183 227 4228 tur
248 4179 299 4226 nisi
322 4178 434 4226 festivos
455 4180 502 4224 ant
523 4177 674 4223 dominicos
695 4175 766 4233 dics;
789 4176 826 4223 ita
850 4177 876 4222 in
897 4177 942 4224 cit.
963 4175 1052 4222 causis
1073 4179 1101 4222 19
1120 4189 1180 4236 eug.
1204 4178 1259 4220 1851
1281 4179 1310 4222 et

184 4263 212 4304 19
224 4257 284 4319 jutii
307 4261 364 4302 1⁸99
381 4255 564 4317 (Cotfertancn
580 4255 604 4301 S.
618 4255 716 4316 (Jonyr.
732 4254 764 4300 de
780 4254 859 4316 Prop.
875 4253 952 4304 Fide.
970 4269 995 4302 n.
1014 4258 1083 4311 nam
1100 4255 1165 4302 Acta
1181 4252 1206 4300 S.
1217 4251 1306 4310 Sedis,

184 4339 202 4382 t.
220 4350 301 4384 mvn.
320 4351 344 4396 p.
365 4339 429 4394 ns).
