3294 5054
515 495 560 547 DE
577 496 807 548 oaulnsrioriu
826 495 1045 547 REGULAIIIUII
1292 489 1344 542 379

217 637 343 696 concilii
362 637 552 714 Tridentini,
573 637 730 718 plerique,
751 639 815 697 imo
829 637 958 697 omnes¹
982 635 1152 714 Reguleres
1167 635 1227 694 hoc
1247 633 1343 713 privi-

217 741 299 818 legio
315 742 503 802 fruerentur.
655 739 656 744 ’

257 961 342 1022 15Ἷ.
363 995 401 1004 -
421 961 571 1022 Decreta
592 961 736 1022 concilii
755 961 976 1022 Tridentini.

259 1067 289 1122 1⁰
304 1063 402 1123 Cone.
418 1063 504 1123 Trid.
522 1064 632 1123 statuit
646 1085 714 1144 cap.
732 1063 924 1140 Facultates,
945 1069 993 1136 ll,
1010 1085 1085 1124 sess.
1103 1063 1175 1142 VII,
1193 1063 1239 1122 Dc
1255 1079 1341 1122 nun:

218 1193 232 1222 u
256 1167 438 1227 Facultates
460 1166 500 1227 de
520 1167 734 1249 promovendo
756 1190 776 1228 a
798 1189 999 1250 quocumque
1024 1189 1085 1228 non
1109 1165 1341 1247 suffrupentur,

217 1271 281 1331 nisi
296 1270 489 1332 habentibus
504 1271 681 1354 lepitimum
701 1293 844 1350 cansam,
861 1271 1012 1355 olquam
1030 1293 1049 1332 a
1064 1270 1208 1352 propriis
1223 1269 1343 1350 epieco-

210 1374 266 1458 pis
280 1375 428 1436 ordinari
446 1397 508 1436 non
519 1376 644 1456 possint
650 1425 659 1453 ,
677 1376 711 1436 in
728 1375 842 1437 litteris
863 1375 1103 1458 exprimendam
1112 1394 1124 1452 ,¹
1139 1382 1171 1434 et
1190 1383 1265 1434 tunc
1280 1395 1342 1434 non

216 1481 400 1540 ordinentur
414 1481 473 1540 nisi
494 1481 694 1562 abepiscopo
714 1482 746 1541 in
762 1503 817 1542 sue
831 1482 959 1542 dioecesi
975 1481 1147 1552 residente,
1164 1486 1218 1539 ant
1233 1500 1290 1559 pro
1303 1499 1343 1538 eo

214 1586 406 1667 pontificalia
430 1593 611 1659 exercente,
631 1594 665 1646 et
687 1587 830 1667 diligenti
854 1587 972 1670 praevio
996 1587 1156 1658 examine3
1177 1611 1191 1640 s
1216 1592 1249 1644 et
1272 1605 1340 1665 cap.

216 1689 457 1767 Ordinationes,
475 1695 509 1763 8,
527 1712 602 1751 sess.
621 1692 742 1764 XXIII,
760 1693 806 1750 Du
823 1713 887 1751 nes.
903 1709 911 1748 τ
927 1717 943 1746 «ι
964 1689 1190 1773 Unusquisque
1202 1693 1309 1750 auam
1322 1709 1343 1748 a

210 1793 345 1876 proprio
369 1795 514 1877 episcopo
537 1795 704 1855 ordinetur
712 1814 724 1872 ,·
747 1795 834 1878 quod
856 1794 982 1878 siquis
1007 1794 1050 1856 ab
1074 1793 1140 1854 ulio
1162 1791 1343 1875 promoturi

211 1905 315 1980 petat,
338 1899 521 1960 nullatenus
541 1899 576 1960 id
594 1900 638 1976 ei,
661 1900 757 1961 etiam
777 1899 918 1982 cujusvis
940 1899 1101 1982 peneralis
1120 1905 1176 1961 aut
1194 1895 1344 1979 specialis

216 2001 366 2084 rescripti
392 2004 440 2064 vel
460 2003 631 2088 privilepii
652 2011 828 2086 praetentu,
857 2006 950 2065 ctiam
979 2006 1105 2065 statutis
1132 2002 1341 2084 temporibuS,

211 2107 429 2189 permittatur,
444 2108 508 2168 nisi
521 2109 592 2190 ejus
600 2108 748 2190 probitas
762 2131 799 2170 ar
812 2131 913 2170 mores
923 2107 1094 2170 Ordinsrii
1102 2108 1155 2169 sui
1166 2105 1344 2168 testimonio

215 2212 484 2273 commendentur.
504 2239 517 2269 »

257 2323 288 2376 ¹2⁰
301 2318 425 2377 Acriter
438 2326 674 2378 controversum
690 2319 759 2390 luit,
775 2340 849 2378 num
863 2319 1031 2379 concilium
1046 2318 1094 2376 his
1107 2318 1241 2378 decretis
1254 2338 1342 2376 rcvo·

216 2428 316 2482 cesset
335 2422 533 2502 privilegium
550 2423 752 2502 Regularium
768 2423 937 2504 recipiendi
960 2423 1086 2483 ordines
1109 2442 1344 2503 equorumque

216 2527 409 2606 (episcopo).
428 2527 537 2595 Quoad
553 2529 638 2608 prius
654 2535 759 2608 caput,
771 2549 833 2586 non
850 2527 974 2586 videtur
989 2528 1143 2606 respicere
1154 2513 1340 2606 Regulures;

216 2651 287 2690 nam
296 2631 457 2710 privilegia
472 2631 674 2719 Regularium
688 2653 750 2692 non
764 2633 866 2692 solent
880 2633 985 2692 venire
1000 2633 1125 2692 nomine
1133 2632 1343 2712 facultatum,¹

215 2733 319 2815 quoad
341 2734 475 2795 alterum
497 2743 606 2816 caput,
628 2737 778 2818 majorem
801 2736 1016 2797 difficultatem
1037 2743 1160 2809 movet,
1183 2756 1253 2795 curn
1279 2756 1343 2794 non

215 2838 377 2918 permittat
393 2861 482 2900 usum
498 2841 651 2920 privilegii
667 2841 852 2921 (recipiendi
868 2842 994 2900 ordines
1010 2840 1049 2901 ab
1064 2841 1166 2900 alieno
1179 2827 1344 2920 episcopo)

215 2943 274 3002 nisi
286 2950 442 3023 quatenus
459 2944 634 3004 habeantur
644 2943 773 3026 proprii
783 2944 925 3026 episcopi
938 2945 1051 3005 littera³
1063 2941 1340 3021 commendatitia,

214 3067 285 3126 quac
299 3047 463 3108 assimilari
478 3047 626 3108 videntur
641 3047 777 3109 licentia,
787 3049 921 3130 proprie
934 3048 1039 3110 dicta.

256 3153 288 3210 3ο
306 3153 339 3212 S.
360 3151 436 3212 Pius
456 3153 494 3226 V,
515 3155 569 3234 qui
592 3161 660 3214 eret
684 3175 721 3213 ex
747 3153 866 3213 Ordine
888 3153 1149 3226 Praedicatorum,
1171 3153 1344 3212 declaravit

214 3263 310 3336 ceput
322 3255 540 3317 Tridentinunr
556 3258 623 3335 (cit.
640 3279 709 3338 cap.
728 3256 968 3330 Ordinationes)
984 3259 1086 3318 Iocum
1102 3277 1165 3316 non
1180 3256 1295 3316 habere
1310 3257 1343 3315 in

216 3359 422 3438 Regularibus
445 3367 564 3435 (const.
591 3361 665 3422 Etsi
687 3361 969 3435 Mendirantium2,
994 3365 1009 3438 g*
1033 3365 1067 3435 2,
1093 3383 1124 3421 n.
1147 3363 1199 3434 7).
1226 3361 1341 3420 Verum

216 3463 387 3544 Gregorius
402 3465 494 3540 XIII,
509 3467 543 3526 S.
561 3465 608 3526 Pii
626 3466 652 3523 V
667 3479 838 3538 successor,
855 3467 986 3528 Pieriam
1002 3465 1118 3526 bullam
1136 3466 1175 3525 ad
1193 3467 1344 3525 terminos

210 3569 292 3650 juris
313 3571 487 3630 eommunis
508 3577 539 3630 et
561 3571 684 3630 concilii
704 3570 790 3630 Trid.
811 3571 941 3632 omnino
966 3571 1105 3644 reduxit,
1128 3571 1279 3630 inconst.
1305 3569 1342 3629 ln.

217 3679 319 3750 tanta,
338 3673 398 3734 Iral.
416 3673 519 3734 martii
535 3695 585 3734 an.
606 3675 681 3734 1583
692 3674 714 3736 ³.
734 3673 823 3734 Unde
841 3673 879 3734 de
896 3695 979 3735 novo
994 3682 1025 3734 et
1039 3675 1142 3734 acrius
1161 3683 1253 3734 mota
1269 3681 1342 3735 sunt

215 3778 437 3838 controversias
453 3778 533 3838 inter
548 3779 712 3859 episcopos
727 3786 759 3838 et
775 3778 955 3858 Regulares

249 3987 257 4020 ¹
276 3986 313 4037 Ut
332 3989 370 4037 ait
384 3987 548 4037 Benedictus
561 3987 635 4046 XIV,
654 3989 727 4037 bulla
742 3987 866 4052 Impositi
880 3989 978 4045 Nobis,
993 3995 1009 4038 ³
1023 3989 1078 4038 kal.
1096 3991 1185 4040 martii
1199 3995 1270 4050 titi,
1286 3995 1341 4050 §²2

215 4065 289 4114 aaa.
304 4065 415 4124 Bened„
432 4069 454 4116 t.
469 4081 501 4126 u,
517 4081 543 4114 n.
555 4071 594 4114 tt.
608 4066 701 4116 Habes
714 4067 785 4116 hunc
798 4067 902 4116 Rullum
917 4069 951 4115 ud
969 4068 1072 4117 calcem
1093 4069 1173 4131 hru'us
1188 4070 1342 4127 voluminis,

218 4143 414 4193 Documentum
428 4143 463 4192 II.

248 4221 346 4270 tanti.
363 4223 448 4280 Item„
462 4225 482 4271 t.
499 4237 534 4280 iv,
550 4225 620 4285 part.
636 4229 663 4280 2,
679 4238 706 4286 p.
723 4227 777 4270 ³76.

249 4301 259 4336 ²
276 4300 349 4350 suti.
363 4299 448 4356 Item,
463 4303 484 4348 t.
497 4315 534 4353 rr,
550 4303 621 4364 pert.
636 4307 664 4358 3,
681 4315 707 4363 p.
722 4304 778 4348 252.
