3316 5052
350 439 403 492 344
617 443 660 492 DE
680 441 818 492 LEGIBUS
837 441 951 492 SACRAE
970 441 1206 493 ouolrtnnortls

351 593 453 657 etiam
473 616 647 657 successor
666 593 841 658 authores
861 593 1042 681 obligetur,
1065 601 1144 674 etc,
1167 593 1311 658 sufficiet
1331 592 1374 657 ad
1393 593 1472 657 titu-

350 705 439 786 lum;
462 707 642 771 concilium
657 707 847 772 enianrid.
860 730 929 772 non
944 730 1103 794 expresse
1123 707 1229 794 exigit
1244 705 1333 772 bona
1353 708 1473 770 immo-

350 820 446 902 bilia,
463 821 524 885 sed
543 827 678 886 tantum
696 819 786 886 bona
806 821 887 886 talia
906 845 981 908 quaa
1000 822 1128 886 clericis
1147 823 1192 885 ad
1216 823 1319 884 vitam
1342 829 1472 884 susten-

352 935 490 999 tandam
504 937 586 999 satis
604 936 691 1016 sint,·
705 973 749 984 --
768 937 799 1000 5.
819 933 1015 1023 Capellania
1035 957 1126 1000 mere
1145 934 1288 1015 laicaliS,
1310 957 1385 1022 quae
1405 957 1472 998 non

351 1056 464 1137 potest
495 1072 569 1114 esse
600 1049 719 1113 titulus
745 1047 900 1113 beneficii
932 1049 1027 1134 (curn
1059 1073 1127 1114 non
1156 1049 1200 1115 sit
1234 1047 1469 1136 beneficium),

350 1169 464 1251 potest
492 1186 565 1228 esse
589 1161 710 1227 titulus
738 1163 948 1250 patrimonii,
970 1164 1041 1228 sive
1069 1164 1113 1228 sit
1140 1171 1320 1251 perpetua,
1350 1162 1473 1227 autad

350 1276 468 1354 vitam,
480 1275 551 1340 sive
572 1277 674 1341 etiem
694 1276 739 1340 sit
759 1277 938 1358 manualis,
961 1277 1062 1341 modo
1077 1277 1112 1340 in
1133 1277 1196 1341 hoc
1216 1299 1296 1341 casu
1310 1283 1472 1364 patronus

351 1413 386 1454 sc
407 1389 599 1477 obstringat
616 1389 658 1454 ad
677 1413 745 1454 non
765 1390 1009 1455 removendum
1029 1391 1221 1456 clericum¹.

397 1626 492 1694 139.
521 1665 565 1674 -
593 1629 626 1692 3⁰
654 1626 730 1691 Non
763 1626 961 1713 rejiciuntur
988 1626 1192 1714 patrimonia
1223 1627 1468 1708 condicionata,

350 1739 547 1803 condicione
577 1762 715 1826 nempe,
747 1762 813 1803 non
842 1741 1052 1825 suspensiva,
1089 1739 1148 1804 sed
1183 1741 1378 1822 resolution,
1409 1738 1471 1802 hoc

350 1853 471 1918 modo:
503 1853 577 1916 Hoc
593 1854 843 1938 patrimonium
864 1854 926 1917 tibi
941 1855 1124 1936 constituo,
1146 1855 1240 1940 quod
1257 1861 1368 1918 tamen
1389 1853 1473 1915 mihi

351 1967 486 2048 reddes,
508 1967 645 2052 quando
664 1967 863 2050 heneficium
881 1967 1056 2052 sufficiens
1075 1976 1245 2032 assecutus
1262 1967 1390 2051 fueras,
1414 1973 1472 2030 aut

350 2078 416 2143 alia
445 2079 546 2142 simili
575 2078 731 2144 formula.
764 2119 808 2128 -
837 2079 936 2145 Ratio
957 2081 1145 2144 desumitur
1169 2103 1211 2145 ex
1234 2079 1375 2144 concilio
1399 2079 1473 2143 Tri-

351 2190 505 2272 dentino,
538 2192 644 2279 quod,
675 2194 732 2257 cit.
769 2216 841 2280 cap.
875 2193 963 2257 Cum
995 2216 1061 2258 non
1097 2195 1225 2276 deceat,
1260 2201 1337 2280 post
1368 2191 1473 2256 relata

352 2305 402 2392 (n.
428 2305 526 2392 138)
561 2305 663 2370 verba
695 2307 735 2370 de
759 2307 962 2393 patrimonio
987 2313 1021 2371 et
1044 2307 1223 2394 pensione,
1255 2307 1326 2370 haec
1350 2305 1470 2370 addit:

351 2419 505 2504 «Atque
529 2419 587 2483 illa
612 2420 772 2507 deinceps
799 2421 871 2484 sine
896 2419 1032 2485 licentia
1057 2421 1207 2508 episcopi
1230 2421 1386 2500 alienari,
1415 2426 1473 2484 aut

351 2532 520 2618 extingui,
543 2533 598 2597 vel
617 2533 744 2598 remitti
763 2533 958 2598 nullatenus
978 2534 1126 2620 possint,
1147 2534 1250 2598 donec
1274 2534 1474 2618 heneficium

350 2647 609 2712 ecclesiasticum
636 2649 810 2732 sufficiens
832 2649 901 2712 sint
929 2649 1057 2734 adepti,
1087 2648 1138 2712 vel
1167 2647 1303 2712 aliunde
1328 2648 1474 2712 habeant

353 2763 440 2824 unde
471 2763 578 2825 viuere
598 2763 740 2846 possint.
775 2791 790 2827 ι)
821 2759 908 2826 Cum
937 2785 1033 2848 ergo,
1064 2763 1101 2826 in
1128 2785 1209 2827 casu
1237 2785 1304 2850 quo
1333 2761 1474 2826 clericus

351 2873 496 2960 adeptus
526 2874 571 2939 sit
602 2873 803 2939 beneficium
835 2875 1023 2953 sufficiens,
1055 2875 1254 2940 admittatur
1282 2899 1300 2940 a
1332 2873 1473 2940 concilio

352 2987 510 3050 alienatio
524 2988 729 3074 patrimonii,
747 2989 818 3052 haec
837 2988 996 3054 alienatio
1016 2996 1130 3077 potest
1145 2988 1265 3054 deduci
1284 2989 1318 3052 in
1337 2995 1473 3074 pactum

354 3123 413 3164 seu
433 3101 681 3182 condicionem,
700 3102 800 3166 modo
825 3102 1031 3189 supradicto.
1056 3103 1099 3167 Et
1118 3103 1165 3167 ita
1186 3109 1304 3166 tenent
1323 3123 1473 3166 commu-

353 3213 441 3277 niter
470 3214 625 3279 doctores
635 3217 657 3296 ¹,
689 3222 723 3280 et
751 3216 823 3303 ipsa
855 3215 1082 3303 Congregatio
1111 3215 1255 3280 Consilii
1280 3214 1315 3278 id
1338 3215 1474 3278 omnino

354 3325 484 3390 licitum
516 3328 692 3415 supponit,
722 3352 756 3393 v.
786 3353 834 3416 g.,
863 3329 898 3393 in
926 3330 1167 3410 Ravennatem,
1191 3327 1231 3394 19
1251 3328 1330 3416 julii
1356 3327 1471 3394 1783&

356 3439 399 3505 Et
418 3441 465 3505 ita
490 3442 650 3506 constitui
682 3449 717 3508 ct
742 3443 876 3508 fundari
906 3443 1018 3508 solent
1044 3444 1078 3507 in
1105 3442 1259 3531 pluribus
1282 3442 1475 3531 regionibus

356 3554 403 3618 sie
423 3553 512 3619 dicta
526 3557 737 3640 patrimonia
750 3580 862 3640 saera,
885 3580 960 3644 quac
980 3557 1110 3622 scilicet
1133 3557 1264 3622 clericis
1283 3557 1475 3623 concedun-

355 3679 422 3752 tur,
444 3681 483 3737 ut
507 3673 549 3738 ad
569 3697 685 3738 eorum
707 3674 845 3741 titulum
866 3675 1014 3740 ordinari
1039 3675 1187 3762 possint,
1210 3676 1270 3740 sed
1296 3699 1334 3740 ea
1360 3675 1477 3740 condi-

387 3943 394 3975 ¹
416 3943 454 3989 lta
474 3941 554 3989 etiam
576 3941 738 3992 Benedictus
754 3943 826 4001 XIV,
842 3943 909 3993 Inst.
923 3944 1016 4001 XXVI,
1034 3959 1059 3992 n.
1079 3949 1120 4002 11;
1139 3971 1166 3979 -
1183 3943 1289 3997 Lucidi,
1305 3959 1332 3992 n.
1348 3949 1476 3998 396-400,

376 4057 381 4068 .
399 4023 452 4068 tls.

355 4037 398 4134 p!
414 4099 538 4155 Garoias,
554 4098 592 4146 De
607 4097 758 4161 beneficiis,
776 4103 845 4162 part.
862 4099 897 4160 ΙΙ,
912 4117 935 4149 c.
947 4117 973 4160 v,
990 4117 1015 4150 n.
1031 4106 1083 4160 169,
1100 4116 1125 4164 p.
1140 4104 1198 4159 1³⁴3
1215 4129 1241 4136 -
1255 4101 1411 4159 Monacclli,
1428 4105 1477 4156 tr,

355 4181 397 4231 tit.
412 4193 453 4236 ιιι,
470 4178 547 4226 torm.
562 4181 604 4236 tt,
623 4193 649 4226 n.
664 4183 690 4238 1,
707 4195 734 4242 p.
749 4184 789 4236 70;
808 4181 827 4229 t.
845 4195 876 4238 n,
893 4181 935 4228 tit.
950 4196 1007 4239 ιιιιι,
1022 4181 1100 4228 torm.
1114 4185 1142 4236 3,
1158 4195 1185 4227 ιι.
1198 4185 1241 4238 18,
1257 4195 1283 4242 p.
1298 4183 1336 4227 72.

387 4259 397 4292 ⁸
418 4257 585 4312 Thesaurus,
604 4260 622 4305 t.
639 4273 684 4314 ιιι,
701 4273 727 4320 p.
744 4261 872 4306 tlt-152.
