3248 5052
697 464 897 515 DOCUMENTA
1307 461 1357 515 633

236 613 327 686 petua
348 605 504 685 professo,
527 607 574 665 vel
600 607 681 666 votis
705 606 897 687 simplicibus
923 608 1130 686 temporaneis
1153 606 1301 666 adstricto
1323 627 1358 666 ac

235 705 266 761 in
283 703 377 762 sacris
397 704 523 781 insuper
542 703 704 762 ordinibus
723 703 893 763 constituto
909 703 1111 777 dimittend03
1131 704 1171 762 ita
1192 710 1227 762 ut
1246 703 1357 762 horum

236 801 390 859 neminem
411 807 442 858 et
460 799 518 880 ipsi
538 799 693 858 dimittere
709 800 848 872 valeant,
866 807 901 858 ut
920 821 1002 859 nunc
1022 799 1139 858 dictum
1161 807 1222 873 cst,
1240 800 1298 859 nisi
1319 799 1358 858 ob

236 896 357 976 culpam
383 917 525 974 gravem,
547 904 722 965 externam,
744 903 775 956 et
798 895 970 975 publicam,
994 904 1024 956 et
1048 897 1105 954 nisi
1131 895 1294 974 culpabilis
1319 896 1359 954 sit

235 993 328 1052 etiam
348 991 583 1070 incorregibilis.
601 993 643 1052 Ut
662 999 765 1051 autem
786 992 855 1072 quis
875 992 1099 1076 incorregibilis
1120 1013 1226 1051 revera
1247 991 1359 1051 habea-

237 1097 297 1161 tur,
314 1089 488 1166 superiores
503 1089 692 1167 praemittere
707 1087 835 1160 debent,
850 1087 1006 1148 distinctis
1022 1088 1228 1168 temporibuS,
1247 1088 1358 1146 trinam

235 1185 478 1244 admonitionem
495 1192 525 1243 et
541 1185 784 1258 correctionem,
801 1205 861 1265 qua
878 1185 954 1244 nihil
970 1185 1166 1264 proficiente,
1184 1184 1358 1264 superiores

236 1281 351 1340 debent
383 1302 563 1360 processum
598 1289 705 1340 contra
734 1280 968 1362 delinquentem
997 1280 1165 1354 instruere,
1196 1301 1359 1360 processus

235 1377 417 1436 resultantia
433 1385 578 1436 accusato
597 1377 781 1450 contestari,
799 1377 898 1436 eidem
915 1385 1038 1456 tempus
1057 1397 1229 1455 congruum
1250 1397 1358 1436 conce-

180 1455 195 1466 ⁶
233 1473 322 1546 dere,
339 1494 402 1554 quo
421 1495 492 1533 suas
512 1473 707 1532 defensiones
728 1474 793 1532 sive
809 1494 926 1552 perse,
944 1474 1008 1532 sive
1029 1495 1085 1553 per
1103 1474 1198 1532 alium
1219 1471 1357 1553 ejusdem

233 1571 366 1630 instituti
381 1570 572 1648 religiosum,
588 1557 733 1629 exhibere
749 1571 868 1642 valeat,
886 1569 969 1650 quod
987 1570 1010 1628 si
1026 1577 1189 1629 accusatus
1204 1569 1270 1648 ipse
1285 1589 1359 1648 pro·

233 1667 314 1745 prias
343 1666 539 1725 defensiones
569 1687 631 1725 non
660 1666 907 1745 praesentaverit,
937 1667 1088 1746 superior,
1119 1688 1174 1724 seu
1205 1664 1355 1738 tribunal,

232 1763 442 1836 defensorem,
468 1769 501 1822 ut
526 1783 635 1841 supra,
662 1763 822 1822 alumnum
848 1762 1011 1844 respectiri
1035 1763 1169 1822 instituti
1195 1783 1232 1820 ex
1254 1761 1357 1820 officio

232 1859 422 1918 constituere
437 1858 572 1918 debebit.
591 1858 667 1918 Post
682 1859 748 1918 haec
768 1859 910 1938 superior
925 1879 996 1917 cum
1017 1879 1073 1918 suo
1088 1859 1218 1918 consilio
1234 1864 1357 1916 senten-

232 1955 306 2014 tiam
322 1955 511 2035 expulsionis
527 1963 580 2014 aut
596 1955 784 2014 dimissionis
799 1955 1003 2034 pronuntiare
1019 1956 1149 2035 poterit;
1167 1975 1237 2034 quae
1254 1963 1356 2013 tamen

232 2051 353 2110 nullum
368 2053 512 2110 ellectum
528 2051 670 2124 habebit,
686 2052 710 2109 si
722 2050 947 2110 condemnatus
962 2073 978 2110 a
995 2052 1147 2110 sententia
1164 2051 1284 2130 prolata
1299 2051 1357 2110 rite

232 2147 269 2206 ad
286 2149 317 2205 S.
336 2147 371 2206 C.
390 2147 451 2205 EE.
469 2155 500 2206 et
515 2147 584 2206 RR.
600 2146 820 2227 appellaverit,
837 2147 936 2206 donec
956 2169 1010 2226 per
1025 2147 1165 2206 eamdem
1181 2149 1212 2206 S.
1231 2147 1266 2206 C.
1284 2147 1358 2206 defr-

232 2243 365 2302 nitivum
382 2243 536 2322 judicium
555 2243 711 2323 prolatum
734 2243 915 2303 nonfuerit.
932 2244 1114 2310 —Quoties
1135 2251 1237 2302 autem
1258 2243 1358 2320 gravi-
1423 2309 1425 2314 ,
1463 2305 1466 2311 ,

233 2339 290 2398 bus
306 2360 343 2398 ex
358 2339 459 2398 causis
475 2339 664 2419 procedendi
685 2339 851 2398 methodus
872 2339 1048 2419 supradicta
1070 2339 1186 2398 servari
1207 2346 1356 2420 nequeat,

232 2443 307 2494 tunc
321 2456 466 2495 recursus
482 2435 589 2494 haberi
605 2435 716 2496 debeat
729 2435 766 2494 ad
783 2435 863 2495 hanc
878 2437 909 2495 S.
927 2435 963 2495 C.
982 2435 1020 2494 ad
1037 2437 1179 2494 ellectum
1196 2434 1357 2494 obtinendi

232 2531 496 2612 dispensationem
516 2553 533 2592 a
554 2531 802 2591 solemnitatibus
820 2532 1025 2612 praescriptiS,
1043 2541 1073 2590 ct
1090 2532 1269 2591 facultatem
1285 2552 1357 2611 pro-

231 2627 360 2687 cedendi
376 2628 543 2688 summario
560 2627 652 2687 modo
665 2627 756 2708 juxta
772 2629 892 2707 praxim
908 2628 1064 2706 vigentem
1081 2628 1163 2707 apud
1179 2627 1258 2686 hanc
1274 2628 1304 2686 S.
1319 2627 1356 2686 C.

273 2723 326 2784 lV.
340 2723 466 2782 Alumni
481 2731 627 2784 votorum
645 2723 840 2798 solemnium,
855 2724 903 2783 rel
920 2724 1107 2804 simplicium
1122 2730 1355 2804 perpetuorum,

232 2819 281 2879 vel
301 2820 535 2900 temporalium,
553 2821 584 2879 in
605 2821 699 2880 sacris
719 2820 881 2880 ordinibus
901 2821 1079 2892 constituti,
1097 2821 1150 2901 qui
1172 2818 1292 2900 expulsi
1309 2819 1356 2878 vel

232 2915 350 2975 dimissi
366 2916 493 2988 luerint,
511 2924 662 2996 perpetuo
679 2916 820 2996 suspensi
835 2925 993 2988 maneant,
1011 2917 1110 2976 donec
1125 2938 1141 2976 a
1158 2917 1189 2975 S.
1205 2915 1283 2975 Sede
1296 2915 1357 2975 alio

162 3019 164 3024 ’
233 3012 325 3072 modo
339 3013 382 3072 eis
396 3013 595 3086 consulatur,
609 3033 645 3072 ac
658 3020 807 3093 practerea
821 3013 1001 3094 episcopum
1016 3013 1202 3072 benevolum
1218 3020 1357 3092 recepto-

232 3129 296 3167 rem
317 3109 509 3180 invenerint,
526 3116 557 3168 et
577 3108 614 3167 dc
634 3109 845 3168 eeclesiastico
865 3109 1052 3189 patrimonio
1072 3109 1129 3167 sibi
1151 3107 1354 3189 providerint.

272 3205 311 3266 V.
325 3206 383 3273 Qui
399 3205 432 3264 in
445 3206 539 3264 sacris
552 3205 714 3265 ordinibus
727 3206 889 3265 constituti
903 3213 934 3265 ct
948 3207 1029 3265 rotis
1042 3205 1233 3285 simplicibus
1246 3204 1357 3264 obstri-

232 3302 273 3361 cti
298 3302 362 3360 sive
387 3302 561 3382 perpetuiS,
587 3302 652 3360 sive
677 3301 918 3382 temporalibus,
945 3311 1056 3382 sponte
1081 3301 1293 3360 dimissionem
1318 3300 1357 3358 ab

231 3398 401 3478 apostolica
417 3397 497 3457 Sede
517 3398 663 3478 petierint
678 3407 709 3458 et
725 3397 934 3472 obtinuerint,
952 3398 1001 3456 vel
1017 3398 1108 3456 aliter
1126 3419 1164 3457 ex
1184 3397 1357 3476 apostolico

231 3493 395 3575 privilegio
425 3515 441 3553 a
470 3494 553 3553 votis
587 3494 779 3574 simplicibus
808 3494 856 3553 vel
883 3494 1042 3574 perpetuis
1068 3495 1118 3553 vel
1148 3493 1356 3572 temporaneis

231 3591 400 3671 dispensati
425 3591 556 3664 fuerint,
582 3610 619 3648 ex
646 3591 783 3650 claustro
808 3611 869 3649 non
897 3599 1023 3667 exeant,
1051 3589 1150 3650 donec
1177 3590 1355 3669 episcopum

232 3686 418 3746 benevolum
434 3694 626 3766 receptorem
643 3687 828 3758 invenerint,
845 3686 928 3745 etde
944 3686 1153 3746 eeclesiastico
1169 3685 1356 3766 patrimonio

231 3783 288 3842 sibi
305 3783 515 3863 providerint;
533 3802 623 3840 secus
643 3783 785 3862 suspensi
806 3789 952 3842 maneant
971 3783 1009 3841 ab
1030 3782 1177 3842 exercitio
1197 3787 1357 3862 suscepto-

231 3900 300 3938 rum
317 3879 472 3939 ordinum.
486 3877 575 3945 Quod
590 3879 760 3958 porrigitur
773 3899 897 3959 quoque
912 3878 951 3938 ad
966 3877 1108 3938 alumnos
1124 3886 1270 3938 votorum
1286 3877 1357 3936 sim-

231 3975 357 4056 plicium
379 3974 596 4055 temporalium
612 3975 665 4055 qui
683 3974 794 4055 quovis
814 3975 1016 4055 professionis
1031 3975 1157 4034 vinculo
1173 3973 1239 4054 jam
1256 3973 1357 4032 forent

231 4071 341 4144 soluti,
358 4071 398 4131 ob
414 4071 553 4151 elapsum
570 4078 693 4151 tempus
709 4091 771 4151 quo
785 4078 859 4129 vota
874 4070 913 4130 ab
932 4072 1007 4151 ipsis
1023 4071 1150 4130 fuerunt
1165 4077 1354 4150 nuncupata.

271 4169 325 4228 Vl.
352 4167 488 4228 Professi
513 4175 580 4226 tum
606 4174 752 4228 votorum
778 4167 979 4240 solemnium,
1005 4173 1069 4226 tum
1095 4166 1297 4247 simplicium,
1319 4165 1357 4224 ab

232 4264 403 4324 Ordinariis
431 4264 572 4324 locorum
599 4263 638 4324 ad
661 4283 765 4324 sacros
791 4263 915 4322 ordines
947 4285 1009 4324 non
1037 4264 1252 4336 admittantur,
1280 4260 1355 4331 nisi,
