<?xml version="1.0" encoding="UTF-8"?>
<!DOCTYPE html PUBLIC "-//W3C//DTD XHTML 1.0 Transitional//EN"
    "http://www.w3.org/TR/xhtml1/DTD/xhtml1-transitional.dtd">
<html xmlns="http://www.w3.org/1999/xhtml" xml:lang="en" lang="en">
 <head>
  <title>
</title>
<meta http-equiv="Content-Type" content="text/html;charset=utf-8" />
  <meta name='ocr-system' content='tesseract 3.04.00' />
  <meta name='ocr-capabilities' content='ocr_page ocr_carea ocr_par ocr_line ocrx_word'/>
</head>
<body>
  <div class='ocr_page' id='page_1' title='image "./praelectionesde00manygoog_0120.png"; bbox 0 0 3290 5060; ppageno 0'>
   <div class='ocr_carea' id='block_1_1' title="bbox 276 485 1303 539">
    <p class='ocr_par' dir='ltr' id='par_1_1' title="bbox 276 485 1303 539">
     <span class='ocr_line' id='line_1_1' title="bbox 276 485 1303 539; baseline -0.001 -2"><span class='ocrx_word' id='word_1_1' title='bbox 276 489 320 537; x_wconf 84' lang='lat' dir='ltr'><em>DE</em></span> <span class='ocrx_word' id='word_1_2' title='bbox 339 487 524 539; x_wconf 73' lang='lat' dir='ltr'><em>onutn&#39;nnlo</em></span> <span class='ocrx_word' id='word_1_3' title='bbox 543 489 584 538; x_wconf 85' lang='grc' dir='ltr'><em>ΕΤ</em></span> <span class='ocrx_word' id='word_1_4' title='bbox 603 487 763 538; x_wconf 75' lang='lat' dir='ltr'><em>Lnutrtuo</em></span> <span class='ocrx_word' id='word_1_5' title='bbox 782 487 1019 538; x_wconf 76' lang='lat' dir='ltr'><em>ORDINATlONtS</em></span> <span class='ocrx_word' id='word_1_6' title='bbox 1040 487 1200 536; x_wconf 78' lang='lat' dir='ltr'><em>ntntsrflo</em></span> <span class='ocrx_word' id='word_1_7' title='bbox 1252 485 1303 536; x_wconf 78' lang='lat'><em>107</em></span> 
     </span>
    </p>
   </div>
   <div class='ocr_carea' id='block_1_2' title="bbox 178 629 1303 832">
    <p class='ocr_par' dir='ltr' id='par_1_2' title="bbox 178 629 1303 832">
     <span class='ocr_line' id='line_1_2' title="bbox 178 629 1303 720; baseline -0.001 -25"><span class='ocrx_word' id='word_1_8' title='bbox 178 653 301 718; x_wconf 86' lang='lat' dir='ltr'><em>scopus</em></span> <span class='ocrx_word' id='word_1_9' title='bbox 319 630 427 718; x_wconf 81' lang='lat' dir='ltr'>possit</span> <span class='ocrx_word' id='word_1_10' title='bbox 446 633 639 720; x_wconf 79' lang='lat' dir='ltr'><em>dispensare</em></span> <span class='ocrx_word' id='word_1_11' title='bbox 662 653 762 695; x_wconf 88' lang='lat' dir='ltr'><em>suurn</em></span> <span class='ocrx_word' id='word_1_12' title='bbox 780 629 981 694; x_wconf 84' lang='lat' dir='ltr'><strong>familiarem</strong></span> <span class='ocrx_word' id='word_1_13' title='bbox 1001 629 1072 694; x_wconf 89' lang='lat' dir='ltr'><em>sive</em></span> <span class='ocrx_word' id='word_1_14' title='bbox 1096 629 1131 693; x_wconf 92' lang='lat' dir='ltr'><em>in</em></span> <span class='ocrx_word' id='word_1_15' title='bbox 1152 629 1303 694; x_wconf 87' lang='lat' dir='ltr'><em>intersti-</em></span> 
     </span>
     <span class='ocr_line' id='line_1_3' title="bbox 178 743 1243 832; baseline -0.001 -22"><span class='ocrx_word' id='word_1_16' title='bbox 178 744 246 825; x_wconf 83' lang='lat' dir='ltr'><em>tiis,</em></span> <span class='ocrx_word' id='word_1_17' title='bbox 269 745 341 810; x_wconf 86' lang='lat' dir='ltr'><em>sive</em></span> <span class='ocrx_word' id='word_1_18' title='bbox 361 745 396 810; x_wconf 94' lang='lat' dir='ltr'><em>in</em></span> <span class='ocrx_word' id='word_1_19' title='bbox 416 744 549 810; x_wconf 81' lang='lat' dir='ltr'><em>delectu</em></span> <span class='ocrx_word' id='word_1_20' title='bbox 569 744 753 824; x_wconf 81' lang='lat' dir='ltr'><em>natalium3</em></span> <span class='ocrx_word' id='word_1_21' title='bbox 776 743 818 807; x_wconf 91' lang='lat' dir='ltr'><em>de</em></span> <span class='ocrx_word' id='word_1_22' title='bbox 836 767 904 832; x_wconf 93' lang='lat' dir='ltr'><em>quo</em></span> <span class='ocrx_word' id='word_1_23' title='bbox 925 766 986 807; x_wconf 91' lang='lat' dir='ltr'><em>suo</em></span> <span class='ocrx_word' id='word_1_24' title='bbox 1006 743 1080 808; x_wconf 87' lang='lat' dir='ltr'><em>loco</em></span> <span class='ocrx_word' id='word_1_25' title='bbox 1099 743 1243 809; x_wconf 87' lang='lat' dir='ltr'><em>dicetur.</em></span> 
     </span>
    </p>
   </div>
   <div class='ocr_carea' id='block_1_3' title="bbox 174 971 1306 2314">
    <p class='ocr_par' dir='ltr' id='par_1_3' title="bbox 174 971 1306 2197">
     <span class='ocr_line' id='line_1_4' title="bbox 222 971 1303 1060; baseline 0 -20"><span class='ocrx_word' id='word_1_26' title='bbox 222 971 291 1040; x_wconf 85' lang='lat'><em>40.</em></span> <span class='ocrx_word' id='word_1_27' title='bbox 315 1011 361 1021; x_wconf 92' lang='lat'>—</span> <span class='ocrx_word' id='word_1_28' title='bbox 386 973 591 1060; x_wconf 79' lang='lat' dir='ltr'><em>Requisita</em></span> <span class='ocrx_word' id='word_1_29' title='bbox 615 979 660 1041; x_wconf 89' lang='lat' dir='ltr'><em>ut</em></span> <span class='ocrx_word' id='word_1_30' title='bbox 685 974 895 1060; x_wconf 80' lang='lat' dir='ltr'><em>opiscopus</em></span> <span class='ocrx_word' id='word_1_31' title='bbox 921 971 1159 1040; x_wconf 74' lang='lat' dir='ltr'><strong>familiarem</strong></span> <span class='ocrx_word' id='word_1_32' title='bbox 1187 992 1303 1042; x_wconf 86' lang='lat' dir='ltr'><em>suum</em></span> 
     </span>
     <span class='ocr_line' id='line_1_5' title="bbox 178 1085 1301 1174; baseline -0.001 -21"><span class='ocrx_word' id='word_1_33' title='bbox 178 1085 365 1154; x_wconf 74' lang='lat' dir='ltr'><em>ordinm</em></span> <span class='ocrx_word' id='word_1_34' title='bbox 387 1088 528 1173; x_wconf 82' lang='lat' dir='ltr'><em>possit.</em></span> <span class='ocrx_word' id='word_1_35' title='bbox 553 1125 597 1134; x_wconf 93' lang='lat'><em>-</em></span> <span class='ocrx_word' id='word_1_36' title='bbox 622 1087 700 1164; x_wconf 91' lang='lat' dir='ltr'><em>His,</em></span> <span class='ocrx_word' id='word_1_37' title='bbox 723 1109 798 1174; x_wconf 84' lang='lat' dir='ltr'><em>quae</em></span> <span class='ocrx_word' id='word_1_38' title='bbox 822 1085 964 1173; x_wconf 81' lang='lat' dir='ltr'>requirit</span> <span class='ocrx_word' id='word_1_39' title='bbox 988 1086 1170 1151; x_wconf 88' lang='lat' dir='ltr'><em>concilium</em></span> <span class='ocrx_word' id='word_1_40' title='bbox 1194 1087 1301 1166; x_wconf 85' lang='lat' dir='ltr'><em>Trid.,</em></span> 
     </span>
     <span class='ocr_line' id='line_1_6' title="bbox 177 1199 1302 1287; baseline 0.001 -22"><span class='ocrx_word' id='word_1_41' title='bbox 177 1207 273 1266; x_wconf 81' lang='lat' dir='ltr'><em>testu</em></span> <span class='ocrx_word' id='word_1_42' title='bbox 298 1201 522 1282; x_wconf 74' lang='lat' dir='ltr'><em>mox&#39;citato,</em></span> <span class='ocrx_word' id='word_1_43' title='bbox 547 1201 764 1266; x_wconf 79' lang='lat' dir='ltr'>Innocentius</span> <span class='ocrx_word' id='word_1_44' title='bbox 785 1199 866 1282; x_wconf 87' lang='lat' dir='ltr'><em>XII,</em></span> <span class='ocrx_word' id='word_1_45' title='bbox 888 1201 922 1264; x_wconf 95' lang='lat' dir='ltr'><em>in</em></span> <span class='ocrx_word' id='word_1_46' title='bbox 941 1199 1035 1266; x_wconf 86' lang='lat' dir='ltr'><em>hulla</em></span> <span class='ocrx_word' id='word_1_47' title='bbox 1053 1201 1302 1287; x_wconf 73' lang='lat' dir='ltr'><em>Speculatores,</em></span> 
     </span>
     <span class='ocr_line' id='line_1_7' title="bbox 177 1314 1305 1402; baseline 0 -22"><span class='ocrx_word' id='word_1_48' title='bbox 177 1317 194 1398; x_wconf 65' lang='grc' dir='ltr'><strong>ξ</strong></span> <span class='ocrx_word' id='word_1_49' title='bbox 213 1315 245 1394; x_wconf 82' lang='lat'><em>6,</em></span> <span class='ocrx_word' id='word_1_50' title='bbox 263 1337 352 1379; x_wconf 86' lang='lat' dir='ltr'><em>nova</em></span> <span class='ocrx_word' id='word_1_51' title='bbox 371 1314 484 1396; x_wconf 87' lang='lat' dir='ltr'><em>addit;</em></span> <span class='ocrx_word' id='word_1_52' title='bbox 501 1314 658 1402; x_wconf 91' lang='lat' dir='ltr'><em>prohibet</em></span> <span class='ocrx_word' id='word_1_53' title='bbox 677 1315 784 1396; x_wconf 89' lang='lat' dir='ltr'><em>enim,</em></span> <span class='ocrx_word' id='word_1_54' title='bbox 801 1337 844 1378; x_wconf 90' lang='lat' dir='ltr'><em>ne</em></span> <span class='ocrx_word' id='word_1_55' title='bbox 864 1315 1042 1402; x_wconf 87' lang='lat' dir='ltr'><em>episcopus</em></span> <span class='ocrx_word' id='word_1_56' title='bbox 1062 1316 1195 1382; x_wconf 89' lang='lat' dir='ltr'><em>ordinet</em></span> <span class='ocrx_word' id='word_1_57' title='bbox 1210 1316 1305 1380; x_wconf 89' lang='lat' dir='ltr'><em>lami-</em></span> 
     </span>
     <span class='ocr_line' id='line_1_8' title="bbox 177 1427 1305 1516; baseline 0.002 -24"><span class='ocrx_word' id='word_1_58' title='bbox 177 1429 309 1506; x_wconf 88' lang='lat' dir='ltr'><em>liarem,</em></span> <span class='ocrx_word' id='word_1_59' title='bbox 332 1455 348 1488; x_wconf 79' lang='lat' dir='ltr'><em>n</em></span> <span class='ocrx_word' id='word_1_60' title='bbox 367 1428 433 1492; x_wconf 88' lang='lat' dir='ltr'><em>nisi</em></span> <span class='ocrx_word' id='word_1_61' title='bbox 452 1427 653 1494; x_wconf 80' lang='lat' dir='ltr'>familiarem</span> <span class='ocrx_word' id='word_1_62' title='bbox 672 1429 873 1516; x_wconf 81' lang='lat' dir='ltr'><em>prsrdictum</em></span> <span class='ocrx_word' id='word_1_63' title='bbox 888 1451 953 1514; x_wconf 90' lang='lat' dir='ltr'><em>per</em></span> <span class='ocrx_word' id='word_1_64' title='bbox 973 1431 1144 1514; x_wconf 70' lang='lat' dir='ltr'><em>inteqrum</em></span> <span class='ocrx_word' id='word_1_65' title='bbox 1163 1438 1196 1493; x_wconf 87' lang='lat' dir='ltr'><em>et</em></span> <span class='ocrx_word' id='word_1_66' title='bbox 1214 1453 1305 1494; x_wconf 88' lang='lat' dir='ltr'><em>com-</em></span> 
     </span>
     <span class='ocr_line' id='line_1_9' title="bbox 174 1543 1306 1628; baseline 0 -22"><span class='ocrx_word' id='word_1_67' title='bbox 174 1543 310 1628; x_wconf 82' lang='lat' dir='ltr'><em>pletum</em></span> <span class='ocrx_word' id='word_1_68' title='bbox 331 1544 516 1607; x_wconf 88' lang='lat' dir='ltr'><em>triennium</em></span> <span class='ocrx_word' id='word_1_69' title='bbox 541 1545 575 1608; x_wconf 92' lang='lat' dir='ltr'><em>in</em></span> <span class='ocrx_word' id='word_1_70' title='bbox 598 1566 659 1608; x_wconf 87' lang='lat' dir='ltr'><em>suo</em></span> <span class='ocrx_word' id='word_1_71' title='bbox 683 1544 810 1607; x_wconf 89' lang='lat' dir='ltr'><em>actuali</em></span> <span class='ocrx_word' id='word_1_72' title='bbox 832 1543 967 1608; x_wconf 78' lang='lat' dir='ltr'><em>servitio</em></span> <span class='ocrx_word' id='word_1_73' title='bbox 990 1567 1103 1607; x_wconf 85' lang='lat' dir='ltr'><em>secum</em></span> <span class='ocrx_word' id='word_1_74' title='bbox 1128 1545 1306 1608; x_wconf 76' lang='lat' dir='ltr'><em>retinuerit</em></span> 
     </span>
     <span class='ocr_line' id='line_1_10' title="bbox 178 1657 1306 1744; baseline 0 -24"><span class='ocrx_word' id='word_1_75' title='bbox 178 1679 216 1720; x_wconf 82' lang='lat' dir='ltr'><em>nc</em></span> <span class='ocrx_word' id='word_1_76' title='bbox 233 1657 306 1720; x_wconf 90' lang='lat' dir='ltr'><em>suis</em></span> <span class='ocrx_word' id='word_1_77' title='bbox 324 1657 518 1741; x_wconf 82' lang='lat' dir='ltr'><em>sumptibus</em></span> <span class='ocrx_word' id='word_1_78' title='bbox 542 1657 683 1740; x_wconf 80' lang='lat' dir='ltr'><em>eluerit,</em></span> <span class='ocrx_word' id='word_1_79' title='bbox 709 1659 909 1741; x_wconf 78' lang='lat' dir='ltr'><em>beneficium</em></span> <span class='ocrx_word' id='word_1_80' title='bbox 933 1657 1071 1744; x_wconf 90' lang='lat' dir='ltr'><em>insuper</em></span> <span class='ocrx_word' id='word_1_81' title='bbox 1093 1659 1187 1743; x_wconf 81' lang='lat' dir='ltr'><em>qued</em></span> <span class='ocrx_word' id='word_1_82' title='bbox 1209 1658 1239 1720; x_wconf 89' lang='lat' dir='ltr'><em>ei</em></span> <span class='ocrx_word' id='word_1_83' title='bbox 1262 1659 1306 1720; x_wconf 82' lang='lat' dir='ltr'><em>ad</em></span> 
     </span>
     <span class='ocr_line' id='line_1_11' title="bbox 179 1769 1302 1858; baseline 0.001 -26"><span class='ocrx_word' id='word_1_84' title='bbox 179 1771 284 1834; x_wconf 82' lang='lat' dir='ltr'><em>uitem</em></span> <span class='ocrx_word' id='word_1_85' title='bbox 310 1772 583 1854; x_wconf 72' lang='lat' dir='ltr'><em>sustentandam,</em></span> <span class='ocrx_word' id='word_1_86' title='bbox 610 1770 711 1858; x_wconf 82' lang='lat' dir='ltr'><em>juxta</em></span> <span class='ocrx_word' id='word_1_87' title='bbox 736 1770 876 1834; x_wconf 86' lang='lat' dir='ltr'><em>modum</em></span> <span class='ocrx_word' id='word_1_88' title='bbox 902 1769 1056 1858; x_wconf 88' lang='lat' dir='ltr'><em>superius</em></span> <span class='ocrx_word' id='word_1_89' title='bbox 1082 1770 1302 1858; x_wconf 72' lang='lat' dir='ltr'><em>praefinitum,</em></span> 
     </span>
     <span class='ocr_line' id='line_1_12' title="bbox 178 1884 1305 1972; baseline 0 -25"><span class='ocrx_word' id='word_1_90' title='bbox 178 1884 346 1968; x_wconf 77' lang='lat' dir='ltr'><em>sufficiat,</em></span> <span class='ocrx_word' id='word_1_91' title='bbox 365 1906 578 1972; x_wconf 82' lang='lat' dir='ltr'><em>quecumque</em></span> <span class='ocrx_word' id='word_1_92' title='bbox 598 1884 715 1950; x_wconf 80' lang='lat' dir='ltr'><em>fraude</em></span> <span class='ocrx_word' id='word_1_93' title='bbox 734 1891 900 1966; x_wconf 81' lang='lat' dir='ltr'>cessante,</span> <span class='ocrx_word' id='word_1_94' title='bbox 921 1885 1054 1966; x_wconf 89' lang='lat' dir='ltr'><em>statim,</em></span> <span class='ocrx_word' id='word_1_95' title='bbox 1072 1885 1135 1948; x_wconf 92' lang='lat' dir='ltr'><em>hoc</em></span> <span class='ocrx_word' id='word_1_96' title='bbox 1153 1891 1223 1964; x_wconf 90' lang='lat' dir='ltr'><em>est,</em></span> <span class='ocrx_word' id='word_1_97' title='bbox 1240 1885 1305 1948; x_wconf 83' lang='lat' dir='ltr'><em>sal-</em></span> 
     </span>
     <span class='ocr_line' id='line_1_13' title="bbox 181 1998 1303 2083; baseline 0.004 -25"><span class='ocrx_word' id='word_1_98' title='bbox 181 2005 246 2060; x_wconf 86' lang='lat' dir='ltr'><em>tem</em></span> <span class='ocrx_word' id='word_1_99' title='bbox 267 1998 359 2060; x_wconf 86' lang='lat' dir='ltr'><em>intra</em></span> <span class='ocrx_word' id='word_1_100' title='bbox 381 1999 565 2062; x_wconf 89' lang='lat' dir='ltr'><em>terminum</em></span> <span class='ocrx_word' id='word_1_101' title='bbox 587 1999 687 2063; x_wconf 86' lang='lat' dir='ltr'><em>unius</em></span> <span class='ocrx_word' id='word_1_102' title='bbox 707 1999 829 2072; x_wconf 74' lang='lat' dir='ltr'><em>niensis</em></span> <span class='ocrx_word' id='word_1_103' title='bbox 849 2000 936 2062; x_wconf 75' lang='lat' dir='ltr'><em>artie</em></span> <span class='ocrx_word' id='word_1_104' title='bbox 950 2003 1048 2083; x_wconf 59' lang='grc' dir='ltr'><em>[πίει</em></span> <span class='ocrx_word' id='word_1_105' title='bbox 1064 1999 1303 2078; x_wconf 72' lang='lat' dir='ltr'><em>ordinationis,</em></span> 
     </span>
     <span class='ocr_line' id='line_1_14' title="bbox 180 2110 599 2197; baseline 0 -25"><span class='ocrx_word' id='word_1_106' title='bbox 180 2133 216 2173; x_wconf 88' lang='lat' dir='ltr'><em>re</em></span> <span class='ocrx_word' id='word_1_107' title='bbox 235 2110 310 2197; x_wconf 89' lang='lat' dir='ltr'><em>ipsa</em></span> <span class='ocrx_word' id='word_1_108' title='bbox 329 2110 380 2174; x_wconf 89' lang='lat' dir='ltr'><em>illi</em></span> <span class='ocrx_word' id='word_1_109' title='bbox 399 2111 562 2178; x_wconf 79' lang='lat' dir='ltr'><em>conterat.</em></span> <span class='ocrx_word' id='word_1_110' title='bbox 583 2141 599 2173; x_wconf 79' lang='lat' dir='ltr'><em>n</em></span> 
     </span>
    </p>

    <p class='ocr_par' dir='ltr' id='par_1_4' title="bbox 225 2224 670 2314">
     <span class='ocr_line' id='line_1_15' title="bbox 225 2224 670 2314; baseline 0.004 -24"><span class='ocrx_word' id='word_1_111' title='bbox 225 2224 323 2290; x_wconf 91' lang='lat' dir='ltr'>Unde</span> <span class='ocrx_word' id='word_1_112' title='bbox 343 2225 407 2291; x_wconf 88' lang='lat' dir='ltr'><em>tria</em></span> <span class='ocrx_word' id='word_1_113' title='bbox 426 2227 644 2314; x_wconf 87' lang='lat' dir='ltr'><em>requiruntur</em></span> <span class='ocrx_word' id='word_1_114' title='bbox 663 2247 670 2292; x_wconf 76' lang='grc' dir='ltr'><em>τ</em></span> 
     </span>
    </p>
   </div>
   <div class='ocr_carea' id='block_1_4' title="bbox 181 2337 1382 2547">
    <p class='ocr_par' dir='ltr' id='par_1_5' title="bbox 181 2337 1382 2547">
     <span class='ocr_line' id='line_1_16' title="bbox 226 2337 1307 2426; baseline 0.001 -23"><span class='ocrx_word' id='word_1_115' title='bbox 226 2341 259 2402; x_wconf 80' lang='lat'><em>1⁰</em></span> <span class='ocrx_word' id='word_1_116' title='bbox 274 2337 393 2414; x_wconf 76' lang='lat' dir='ltr'><em>Quoad</em></span> <span class='ocrx_word' id='word_1_117' title='bbox 412 2343 552 2405; x_wconf 82' lang='lat' dir='ltr'><em>modum</em></span> <span class='ocrx_word' id='word_1_118' title='bbox 570 2344 714 2426; x_wconf 85' lang='lat' dir='ltr'><em>seruitii,</em></span> <span class='ocrx_word' id='word_1_119' title='bbox 731 2349 770 2406; x_wconf 92' lang='lat' dir='ltr'><em>ut</em></span> <span class='ocrx_word' id='word_1_120' title='bbox 790 2343 997 2408; x_wconf 83' lang='lat' dir='ltr'><em>ordinandus</em></span> <span class='ocrx_word' id='word_1_121' title='bbox 1012 2343 1113 2407; x_wconf 80' lang='lat' dir='ltr'><em>fuerit</em></span> <span class='ocrx_word' id='word_1_122' title='bbox 1132 2343 1167 2406; x_wconf 92' lang='lat' dir='ltr'><em>iu</em></span> <span class='ocrx_word' id='word_1_123' title='bbox 1181 2342 1307 2406; x_wconf 84' lang='lat' dir='ltr'><em>actuali</em></span> 
     </span>
     <span class='ocr_line' id='line_1_17' title="bbox 181 2453 1382 2547; baseline 0.003 -31"><span class='ocrx_word' id='word_1_124' title='bbox 181 2453 325 2539; x_wconf 78' lang='lat' dir='ltr'><em>episcopi</em></span> <span class='ocrx_word' id='word_1_125' title='bbox 343 2455 478 2518; x_wconf 87' lang='lat' dir='ltr'><em>servitio</em></span> <span class='ocrx_word' id='word_1_126' title='bbox 497 2455 684 2538; x_wconf 86' lang='lat' dir='ltr'><em>adhibitus,</em></span> <span class='ocrx_word' id='word_1_127' title='bbox 707 2457 800 2542; x_wconf 86' lang='lat' dir='ltr'><em>apud</em></span> <span class='ocrx_word' id='word_1_128' title='bbox 823 2479 900 2521; x_wconf 86' lang='lat' dir='ltr'><em>eum</em></span> <span class='ocrx_word' id='word_1_129' title='bbox 923 2464 1151 2522; x_wconf 86' lang='lat' dir='ltr'><em>commoratus</em></span> <span class='ocrx_word' id='word_1_130' title='bbox 1174 2462 1208 2520; x_wconf 89' lang='lat' dir='ltr'><em>et</em></span> <span class='ocrx_word' id='word_1_131' title='bbox 1231 2457 1307 2542; x_wconf 83' lang='lat' dir='ltr'><em>ejus</em></span> <span class='ocrx_word' id='word_1_132' title='bbox 1378 2537 1382 2547; x_wconf 44' lang='lat'><em>,</em></span> 
     </span>
    </p>
   </div>
   <div class='ocr_carea' id='block_1_5' title="bbox 180 2567 1307 3798">
    <p class='ocr_par' dir='ltr' id='par_1_6' title="bbox 180 2567 1307 3569">
     <span class='ocr_line' id='line_1_18' title="bbox 180 2567 1307 2657; baseline 0.002 -26"><span class='ocrx_word' id='word_1_133' title='bbox 180 2567 374 2652; x_wconf 74' lang='lat' dir='ltr'><em>sumptibus</em></span> <span class='ocrx_word' id='word_1_134' title='bbox 396 2577 615 2634; x_wconf 78' lang='lat' dir='ltr'><em>sustentatus.</em></span> <span class='ocrx_word' id='word_1_135' title='bbox 643 2571 759 2657; x_wconf 88' lang='lat' dir='ltr'><em>Ergo:</em></span> <span class='ocrx_word' id='word_1_136' title='bbox 787 2573 818 2636; x_wconf 83' lang='lat' dir='ltr'><em>t.</em></span> <span class='ocrx_word' id='word_1_137' title='bbox 846 2570 958 2635; x_wconf 87' lang='lat' dir='ltr'><em>Amici</em></span> <span class='ocrx_word' id='word_1_138' title='bbox 982 2577 1041 2635; x_wconf 89' lang='lat' dir='ltr'><em>aut</em></span> <span class='ocrx_word' id='word_1_139' title='bbox 1064 2569 1307 2656; x_wconf 81' lang='lat' dir='ltr'><em>consanguinei</em></span> 
     </span>
     <span class='ocr_line' id='line_1_19' title="bbox 182 2681 1303 2772; baseline 0.003 -28"><span class='ocrx_word' id='word_1_140' title='bbox 182 2681 346 2768; x_wconf 83' lang='lat' dir='ltr'><em>episcopi,</em></span> <span class='ocrx_word' id='word_1_141' title='bbox 369 2683 428 2770; x_wconf 92' lang='lat' dir='ltr'><em>qui</em></span> <span class='ocrx_word' id='word_1_142' title='bbox 447 2683 537 2770; x_wconf 86' lang='lat' dir='ltr'><em>apud</em></span> <span class='ocrx_word' id='word_1_143' title='bbox 557 2684 670 2772; x_wconf 89' lang='lat' dir='ltr'><em>ipsum</em></span> <span class='ocrx_word' id='word_1_144' title='bbox 690 2691 845 2766; x_wconf 88' lang='lat' dir='ltr'><em>manent,</em></span> <span class='ocrx_word' id='word_1_145' title='bbox 868 2685 928 2750; x_wconf 92' lang='lat' dir='ltr'><em>sed</em></span> <span class='ocrx_word' id='word_1_146' title='bbox 947 2685 977 2749; x_wconf 90' lang='lat' dir='ltr'><em>ei</em></span> <span class='ocrx_word' id='word_1_147' title='bbox 996 2707 1065 2748; x_wconf 91' lang='lat' dir='ltr'><em>non</em></span> <span class='ocrx_word' id='word_1_148' title='bbox 1084 2683 1303 2762; x_wconf 81' lang='lat' dir='ltr'><em>famulantur,</em></span> 
     </span>
     <span class='ocr_line' id='line_1_20' title="bbox 182 2797 1306 2886; baseline 0.001 -28"><span class='ocrx_word' id='word_1_149' title='bbox 182 2817 248 2858; x_wconf 94' lang='lat' dir='ltr'><em>non</em></span> <span class='ocrx_word' id='word_1_150' title='bbox 264 2802 346 2860; x_wconf 93' lang='lat' dir='ltr'><em>sunt</em></span> <span class='ocrx_word' id='word_1_151' title='bbox 359 2797 566 2880; x_wconf 78' lang='lat' dir='ltr'><em>familiares,</em></span> <span class='ocrx_word' id='word_1_152' title='bbox 584 2797 627 2861; x_wconf 88' lang='lat' dir='ltr'><em>ad</em></span> <span class='ocrx_word' id='word_1_153' title='bbox 642 2797 799 2863; x_wconf 79' lang='lat' dir='ltr'><em>ellectum</em></span> <span class='ocrx_word' id='word_1_154' title='bbox 814 2798 856 2862; x_wconf 89' lang='lat' dir='ltr'><em>de</em></span> <span class='ocrx_word' id='word_1_155' title='bbox 871 2821 938 2886; x_wconf 92' lang='lat' dir='ltr'><em>quo</em></span> <span class='ocrx_word' id='word_1_156' title='bbox 954 2798 1084 2884; x_wconf 82' lang='lat' dir='ltr'><em>agitur;</em></span> <span class='ocrx_word' id='word_1_157' title='bbox 1101 2837 1145 2848; x_wconf 90' lang='lat'>—</span> <span class='ocrx_word' id='word_1_158' title='bbox 1160 2799 1193 2863; x_wconf 83' lang='lat'><em>2.</em></span> <span class='ocrx_word' id='word_1_159' title='bbox 1210 2797 1306 2861; x_wconf 87' lang='lat' dir='ltr'><em>Corn·</em></span> 
     </span>
     <span class='ocr_line' id='line_1_21' title="bbox 183 2910 1305 2998; baseline 0.002 -26"><span class='ocrx_word' id='word_1_160' title='bbox 183 2910 364 2973; x_wconf 77' lang='lat' dir='ltr'><em>monitioni</em></span> <span class='ocrx_word' id='word_1_161' title='bbox 382 2911 553 2998; x_wconf 72' lang='lat' dir='ltr'><em>requisitae</em></span> <span class='ocrx_word' id='word_1_162' title='bbox 574 2911 738 2976; x_wconf 75' lang='lat' dir='ltr'><em>satisfacit</em></span> <span class='ocrx_word' id='word_1_163' title='bbox 763 2912 955 2992; x_wconf 80' lang='lat' dir='ltr'><em>familiaris,</em></span> <span class='ocrx_word' id='word_1_164' title='bbox 977 2935 1045 2977; x_wconf 94' lang='lat' dir='ltr'><em>non</em></span> <span class='ocrx_word' id='word_1_165' title='bbox 1069 2920 1203 2977; x_wconf 89' lang='lat' dir='ltr'><em>tantum</em></span> <span class='ocrx_word' id='word_1_166' title='bbox 1223 2912 1251 2976; x_wconf 89' lang='lat' dir='ltr'><em>si</em></span> <span class='ocrx_word' id='word_1_167' title='bbox 1271 2912 1305 2975; x_wconf 94' lang='lat' dir='ltr'><em>in</em></span> 
     </span>
     <span class='ocr_line' id='line_1_22' title="bbox 182 3020 1306 3112; baseline 0.004 -28"><span class='ocrx_word' id='word_1_168' title='bbox 182 3020 311 3086; x_wconf 87' lang='lat' dir='ltr'><em>aedibus</em></span> <span class='ocrx_word' id='word_1_169' title='bbox 339 3023 590 3112; x_wconf 89' lang='lat' dir='ltr'><em>episcopalibus</em></span> <span class='ocrx_word' id='word_1_170' title='bbox 617 3025 764 3106; x_wconf 84' lang='lat' dir='ltr'><em>habitet,</em></span> <span class='ocrx_word' id='word_1_171' title='bbox 792 3027 853 3090; x_wconf 89' lang='lat' dir='ltr'><em>sed</em></span> <span class='ocrx_word' id='word_1_172' title='bbox 879 3025 981 3091; x_wconf 79' lang='lat' dir='ltr'><em>etiam</em></span> <span class='ocrx_word' id='word_1_173' title='bbox 1007 3027 1035 3091; x_wconf 91' lang='lat' dir='ltr'><em>si</em></span> <span class='ocrx_word' id='word_1_174' title='bbox 1062 3033 1174 3108; x_wconf 84' lang='lat' dir='ltr'><em>extra,</em></span> <span class='ocrx_word' id='word_1_175' title='bbox 1206 3026 1306 3090; x_wconf 88' lang='lat' dir='ltr'><em>modo</em></span> 
     </span>
     <span class='ocr_line' id='line_1_23' title="bbox 181 3137 1307 3226; baseline 0.003 -27"><span class='ocrx_word' id='word_1_176' title='bbox 181 3157 302 3222; x_wconf 88' lang='lat' dir='ltr'><em>prope,</em></span> <span class='ocrx_word' id='word_1_177' title='bbox 325 3159 357 3203; x_wconf 91' lang='lat' dir='ltr'><em>v.</em></span> <span class='ocrx_word' id='word_1_178' title='bbox 379 3160 429 3223; x_wconf 87' lang='lat' dir='ltr'><em>g.,</em></span> <span class='ocrx_word' id='word_1_179' title='bbox 452 3137 488 3202; x_wconf 93' lang='lat' dir='ltr'><em>in</em></span> <span class='ocrx_word' id='word_1_180' title='bbox 512 3137 649 3203; x_wconf 83' lang='lat' dir='ltr'><em>civitate</em></span> <span class='ocrx_word' id='word_1_181' title='bbox 673 3139 873 3226; x_wconf 83' lang='lat' dir='ltr'><em>episcopali,</em></span> <span class='ocrx_word' id='word_1_182' title='bbox 893 3146 932 3204; x_wconf 90' lang='lat' dir='ltr'><em>ut</em></span> <span class='ocrx_word' id='word_1_183' title='bbox 956 3140 1065 3226; x_wconf 89' lang='lat' dir='ltr'><em>possit</em></span> <span class='ocrx_word' id='word_1_184' title='bbox 1089 3140 1213 3204; x_wconf 83' lang='lat' dir='ltr'><em>actuali</em></span> <span class='ocrx_word' id='word_1_185' title='bbox 1236 3140 1307 3224; x_wconf 88' lang='lat' dir='ltr'><em>epi-</em></span> 
     </span>
     <span class='ocr_line' id='line_1_24' title="bbox 181 3251 1306 3342; baseline 0.004 -30"><span class='ocrx_word' id='word_1_186' title='bbox 181 3251 271 3334; x_wconf 85' lang='lat' dir='ltr'><em>scopi</em></span> <span class='ocrx_word' id='word_1_187' title='bbox 288 3251 424 3316; x_wconf 86' lang='lat' dir='ltr'><em>servitio</em></span> <span class='ocrx_word' id='word_1_188' title='bbox 444 3251 669 3317; x_wconf 87' lang='lat' dir='ltr'><em>incumbere¹.</em></span> <span class='ocrx_word' id='word_1_189' title='bbox 688 3253 798 3318; x_wconf 88' lang='lat' dir='ltr'><em>Nimis</em></span> <span class='ocrx_word' id='word_1_190' title='bbox 817 3277 914 3342; x_wconf 72' lang='lat' dir='ltr'><em>aequo</em></span> <span class='ocrx_word' id='word_1_191' title='bbox 929 3254 1114 3318; x_wconf 84' lang='lat' dir='ltr'><em>severiores</em></span> <span class='ocrx_word' id='word_1_192' title='bbox 1134 3261 1230 3334; x_wconf 88' lang='lat' dir='ltr'><em>sunt,</em></span> <span class='ocrx_word' id='word_1_193' title='bbox 1247 3253 1306 3340; x_wconf 92' lang='lat' dir='ltr'><em>qui</em></span> 
     </span>
     <span class='ocr_line' id='line_1_25' title="bbox 182 3363 1307 3455; baseline 0.004 -29"><span class='ocrx_word' id='word_1_194' title='bbox 182 3363 358 3450; x_wconf 90' lang='lat' dir='ltr'><em>requirunt</em></span> <span class='ocrx_word' id='word_1_195' title='bbox 388 3365 633 3431; x_wconf 80' lang='lat' dir='ltr'><em>habitationem</em></span> <span class='ocrx_word' id='word_1_196' title='bbox 660 3367 696 3431; x_wconf 91' lang='lat' dir='ltr'><em>in</em></span> <span class='ocrx_word' id='word_1_197' title='bbox 726 3368 800 3454; x_wconf 90' lang='lat' dir='ltr'><em>ipso</em></span> <span class='ocrx_word' id='word_1_198' title='bbox 829 3367 956 3455; x_wconf 88' lang='lat' dir='ltr'><em>palatio</em></span> <span class='ocrx_word' id='word_1_199' title='bbox 987 3368 1210 3455; x_wconf 78' lang='lat' dir='ltr'><em>episcopali²;</em></span> <span class='ocrx_word' id='word_1_200' title='bbox 1244 3367 1307 3431; x_wconf 88' lang='lat' dir='ltr'><em>hoc</em></span> 
     </span>
     <span class='ocr_line' id='line_1_26' title="bbox 183 3473 1174 3569; baseline 0.009 -29"><span class='ocrx_word' id='word_1_201' title='bbox 183 3477 273 3541; x_wconf 89' lang='lat' dir='ltr'><em>enim</em></span> <span class='ocrx_word' id='word_1_202' title='bbox 292 3478 444 3543; x_wconf 85' lang='lat' dir='ltr'><em>textibus</em></span> <span class='ocrx_word' id='word_1_203' title='bbox 463 3503 531 3544; x_wconf 92' lang='lat' dir='ltr'><em>non</em></span> <span class='ocrx_word' id='word_1_204' title='bbox 550 3481 757 3569; x_wconf 67' lang='lat' dir='ltr'><em>praecipitur.</em></span> <span class='ocrx_word' id='word_1_205' title='bbox 1170 3473 1174 3482; x_wconf 45' lang='lat'>⁸</span> 
     </span>
    </p>

    <p class='ocr_par' dir='ltr' id='par_1_7' title="bbox 185 3590 1307 3798">
     <span class='ocr_line' id='line_1_27' title="bbox 225 3590 1307 3680; baseline 0.005 -26"><span class='ocrx_word' id='word_1_206' title='bbox 225 3591 259 3654; x_wconf 82' lang='lat'><em>2⁰</em></span> <span class='ocrx_word' id='word_1_207' title='bbox 286 3590 406 3666; x_wconf 85' lang='lat' dir='ltr'><em>Quoed</em></span> <span class='ocrx_word' id='word_1_208' title='bbox 435 3602 565 3679; x_wconf 83' lang='lat' dir='ltr'><em>tempus</em></span> <span class='ocrx_word' id='word_1_209' title='bbox 593 3596 736 3678; x_wconf 87' lang='lat' dir='ltr'><em>servitii,</em></span> <span class='ocrx_word' id='word_1_210' title='bbox 765 3602 804 3660; x_wconf 92' lang='lat' dir='ltr'><em>ut</em></span> <span class='ocrx_word' id='word_1_211' title='bbox 834 3595 1004 3659; x_wconf 88' lang='lat' dir='ltr'><em>duraverit</em></span> <span class='ocrx_word' id='word_1_212' title='bbox 1028 3619 1094 3680; x_wconf 90' lang='lat' dir='ltr'><em>per</em></span> <span class='ocrx_word' id='word_1_213' title='bbox 1123 3597 1307 3659; x_wconf 86' lang='lat' dir='ltr'><em>triennium</em></span> 
     </span>
     <span class='ocr_line' id='line_1_28' title="bbox 185 3703 1307 3798; baseline 0.004 -30"><span class='ocrx_word' id='word_1_214' title='bbox 185 3703 292 3790; x_wconf 84' lang='lat' dir='ltr'><em>(conc.</em></span> <span class='ocrx_word' id='word_1_215' title='bbox 310 3705 432 3792; x_wconf 64' lang='lat' dir='ltr'><em>Tria),</em></span> <span class='ocrx_word' id='word_1_216' title='bbox 445 3729 510 3792; x_wconf 80' lang='lat' dir='ltr'><em>per</em></span> <span class='ocrx_word' id='word_1_217' title='bbox 530 3708 703 3793; x_wconf 71' lang='lat' dir='ltr'><em>inteqrum</em></span> <span class='ocrx_word' id='word_1_218' title='bbox 721 3718 754 3772; x_wconf 86' lang='lat' dir='ltr'><em>et</em></span> <span class='ocrx_word' id='word_1_219' title='bbox 773 3709 978 3794; x_wconf 86' lang='lat' dir='ltr'><em>completum</em></span> <span class='ocrx_word' id='word_1_220' title='bbox 995 3711 1180 3774; x_wconf 88' lang='lat' dir='ltr'><em>triennium</em></span> <span class='ocrx_word' id='word_1_221' title='bbox 1197 3709 1307 3798; x_wconf 85' lang='lat' dir='ltr'><em>(bulla</em></span> 
     </span>
    </p>
   </div>
   <div class='ocr_carea' id='block_1_6' title="bbox 183 3817 1308 4016">
    <p class='ocr_par' dir='ltr' id='par_1_8' title="bbox 183 3817 1308 4016">
     <span class='ocr_line' id='line_1_29' title="bbox 183 3817 1307 3910; baseline 0.004 -28"><span class='ocrx_word' id='word_1_222' title='bbox 183 3817 446 3906; x_wconf 82' lang='lat' dir='ltr'><em>Speculatores).</em></span> <span class='ocrx_word' id='word_1_223' title='bbox 463 3821 538 3884; x_wconf 85' lang='lat' dir='ltr'><em>Vox</em></span> <span class='ocrx_word' id='word_1_224' title='bbox 558 3823 763 3907; x_wconf 78' lang='lat' dir='ltr'><em>completum</em></span> <span class='ocrx_word' id='word_1_225' title='bbox 786 3823 927 3910; x_wconf 89' lang='lat' dir='ltr'><em>requirit</em></span> <span class='ocrx_word' id='word_1_226' title='bbox 951 3829 989 3887; x_wconf 90' lang='lat' dir='ltr'><em>ut</em></span> <span class='ocrx_word' id='word_1_227' title='bbox 1014 3832 1081 3887; x_wconf 84' lang='lat' dir='ltr'><em>tres</em></span> <span class='ocrx_word' id='word_1_228' title='bbox 1104 3825 1186 3887; x_wconf 84' lang='lat' dir='ltr'><em>anni</em></span> <span class='ocrx_word' id='word_1_229' title='bbox 1209 3823 1307 3910; x_wconf 85' lang='lat' dir='ltr'><em>plene</em></span> 
     </span>
     <span class='ocr_line' id='line_1_30' title="bbox 184 3925 1308 4016; baseline 0.005 -28"><span class='ocrx_word' id='word_1_230' title='bbox 184 3925 288 4014; x_wconf 86' lang='lat' dir='ltr'><em>elapsi</em></span> <span class='ocrx_word' id='word_1_231' title='bbox 309 3925 396 4005; x_wconf 87' lang='lat' dir='ltr'><em>sint;</em></span> <span class='ocrx_word' id='word_1_232' title='bbox 418 3949 486 3990; x_wconf 80' lang='lat' dir='ltr'><em>vox</em></span> <span class='ocrx_word' id='word_1_233' title='bbox 506 3929 679 4012; x_wconf 74' lang='lat' dir='ltr'><em>inteyrum</em></span> <span class='ocrx_word' id='word_1_234' title='bbox 705 3929 846 4016; x_wconf 88' lang='lat' dir='ltr'><em>requirit</em></span> <span class='ocrx_word' id='word_1_235' title='bbox 864 3935 903 3993; x_wconf 92' lang='lat' dir='ltr'><em>ut</em></span> <span class='ocrx_word' id='word_1_236' title='bbox 927 3927 1014 3994; x_wconf 92' lang='lat' dir='ltr'><em>illud</em></span> <span class='ocrx_word' id='word_1_237' title='bbox 1036 3929 1219 3994; x_wconf 88' lang='lat' dir='ltr'><em>triennium</em></span> <span class='ocrx_word' id='word_1_238' title='bbox 1239 3953 1308 3994; x_wconf 91' lang='lat' dir='ltr'><em>non</em></span> 
     </span>
    </p>
   </div>
   <div class='ocr_carea' id='block_1_7' title="bbox 184 4037 1308 4129">
    <p class='ocr_par' dir='ltr' id='par_1_9' title="bbox 184 4037 1308 4129">
     <span class='ocr_line' id='line_1_31' title="bbox 184 4037 1308 4129; baseline 0.005 -29"><span class='ocrx_word' id='word_1_239' title='bbox 184 4037 283 4104; x_wconf 86' lang='lat' dir='ltr'><em>luerit</em></span> <span class='ocrx_word' id='word_1_240' title='bbox 313 4039 510 4104; x_wconf 77' lang='lat' dir='ltr'><em>notabiliter</em></span> <span class='ocrx_word' id='word_1_241' title='bbox 534 4041 781 4128; x_wconf 87' lang='lat' dir='ltr'><em>interruptum:</em></span> <span class='ocrx_word' id='word_1_242' title='bbox 810 4065 878 4105; x_wconf 91' lang='lat' dir='ltr'><em>non</em></span> <span class='ocrx_word' id='word_1_243' title='bbox 905 4050 1029 4108; x_wconf 90' lang='lat' dir='ltr'><em>nocent</em></span> <span class='ocrx_word' id='word_1_244' title='bbox 1054 4050 1167 4108; x_wconf 88' lang='lat' dir='ltr'><em>tamen</em></span> <span class='ocrx_word' id='word_1_245' title='bbox 1196 4066 1308 4129; x_wconf 75' lang='lat' dir='ltr'><em>parvae</em></span> 
     </span>
    </p>
   </div>
   <div class='ocr_carea' id='block_1_8' title="bbox 213 4216 1307 4362">
    <p class='ocr_par' dir='ltr' id='par_1_10' title="bbox 213 4216 1307 4362">
     <span class='ocr_line' id='line_1_32' title="bbox 214 4216 1307 4284; baseline 0.003 -18"><span class='ocrx_word' id='word_1_246' title='bbox 214 4217 223 4251; x_wconf 89' lang='lat'>¹</span> <span class='ocrx_word' id='word_1_247' title='bbox 242 4217 283 4266; x_wconf 83' lang='lat' dir='ltr'><em>Ct.</em></span> <span class='ocrx_word' id='word_1_248' title='bbox 300 4216 328 4264; x_wconf 90' lang='lat' dir='ltr'><em>S.</em></span> <span class='ocrx_word' id='word_1_249' title='bbox 345 4216 499 4279; x_wconf 82' lang='lat' dir='ltr'><em>Alph.‚1ib.</em></span> <span class='ocrx_word' id='word_1_250' title='bbox 516 4218 567 4276; x_wconf 83' lang='lat' dir='ltr'><em>Vl,</em></span> <span class='ocrx_word' id='word_1_251' title='bbox 583 4235 609 4266; x_wconf 94' lang='lat' dir='ltr'><em>n.</em></span> <span class='ocrx_word' id='word_1_252' title='bbox 624 4224 681 4278; x_wconf 82' lang='lat'>780;</span> <span class='ocrx_word' id='word_1_253' title='bbox 701 4247 727 4254; x_wconf 97' lang='lat'>—</span> <span class='ocrx_word' id='word_1_254' title='bbox 742 4219 863 4282; x_wconf 83' lang='lat' dir='ltr'><em>Rigunti,</em></span> <span class='ocrx_word' id='word_1_255' title='bbox 881 4221 929 4270; x_wconf 90' lang='lat' dir='ltr'><em>loc.</em></span> <span class='ocrx_word' id='word_1_256' title='bbox 946 4221 1002 4278; x_wconf 76' lang='lat' dir='ltr'><em>cit,</em></span> <span class='ocrx_word' id='word_1_257' title='bbox 1020 4226 1189 4280; x_wconf 79' lang='lat' dir='ltr'><em>n.150-151,</em></span> <span class='ocrx_word' id='word_1_258' title='bbox 1206 4237 1232 4284; x_wconf 93' lang='lat' dir='ltr'><em>p.</em></span> <span class='ocrx_word' id='word_1_259' title='bbox 1253 4227 1307 4269; x_wconf 80' lang='lat'><strong>361.</strong></span> 
     </span>
     <span class='ocr_line' id='line_1_33' title="bbox 213 4295 1307 4362; baseline 0.005 -20"><span class='ocrx_word' id='word_1_260' title='bbox 213 4295 225 4330; x_wconf 82' lang='lat'><strong>¹</strong></span> <span class='ocrx_word' id='word_1_261' title='bbox 242 4295 276 4344; x_wconf 87' lang='lat' dir='ltr'><em>V.</em></span> <span class='ocrx_word' id='word_1_262' title='bbox 288 4311 325 4357; x_wconf 63' lang='lat' dir='ltr'><em>g„</em></span> <span class='ocrx_word' id='word_1_263' title='bbox 338 4295 454 4354; x_wconf 75' lang='lat' dir='ltr'><em>Gir-aldi,</em></span> <span class='ocrx_word' id='word_1_264' title='bbox 468 4297 622 4360; x_wconf 73' lang='lat' dir='ltr'><em>nepesino,</em></span> <span class='ocrx_word' id='word_1_265' title='bbox 634 4301 696 4356; x_wconf 62' lang='lat' dir='ltr'><em>etc„</em></span> <span class='ocrx_word' id='word_1_266' title='bbox 710 4301 778 4360; x_wconf 85' lang='lat' dir='ltr'><em>pert.</em></span> <span class='ocrx_word' id='word_1_267' title='bbox 791 4299 830 4356; x_wconf 89' lang='grc' dir='ltr'><em>ΙΙ,</em></span> <span class='ocrx_word' id='word_1_268' title='bbox 841 4304 908 4348; x_wconf 88' lang='lat' dir='ltr'><em>sect.</em></span> <span class='ocrx_word' id='word_1_269' title='bbox 923 4315 1002 4358; x_wconf 80' lang='lat' dir='ltr'><em>xcrn,</em></span> <span class='ocrx_word' id='word_1_270' title='bbox 1017 4303 1073 4348; x_wconf 90' lang='lat' dir='ltr'><em>not.</em></span> <span class='ocrx_word' id='word_1_271' title='bbox 1086 4305 1113 4358; x_wconf 80' lang='lat'><em>5,</em></span> <span class='ocrx_word' id='word_1_272' title='bbox 1130 4303 1149 4348; x_wconf 91' lang='lat' dir='ltr'><em>t.</em></span> <span class='ocrx_word' id='word_1_273' title='bbox 1162 4315 1202 4358; x_wconf 87' lang='lat' dir='ltr'><em>nr,</em></span> <span class='ocrx_word' id='word_1_274' title='bbox 1215 4315 1240 4362; x_wconf 89' lang='lat' dir='ltr'><em>p.</em></span> <span class='ocrx_word' id='word_1_275' title='bbox 1252 4305 1307 4348; x_wconf 76' lang='lat'>957.</span> 
     </span>
    </p>
   </div>
   <div class='ocr_carea' id='block_1_9' title="bbox 0 0 1660 5060">
    <p class='ocr_par' dir='ltr' id='par_1_11' title="bbox 0 0 1660 5060">
     <span class='ocr_line' id='line_1_34' title="bbox 0 0 1660 5060; baseline 0 0"><span class='ocrx_word' id='word_1_276' title='bbox 0 0 1660 5060; x_wconf 95' lang='lat' dir='ltr'><em> </em></span> 
     </span>
    </p>
   </div>
  </div>
 </body>
</html>
