3248 5052
317 409 369 462 sn
672 415 715 464 us
734 413 840 464 sxcnx
858 413 1087 464 onornxrrons
1145 389 1146 392 ’

317 576 378 636 que
402 555 493 615 unice
517 563 657 636 spectare
680 557 719 615 ad
744 556 908 637 episcopos
933 557 1116 616 Ordinarios
1143 577 1250 617 eorum
1276 556 1444 630 domicilii,

319 651 464 711 nimirum
481 652 563 712 illius
578 652 722 712 dioecesis
737 673 772 712 ac
787 653 846 712 loci
862 653 894 712 in
909 673 971 734 quo
991 653 1048 733 ipsi
1068 653 1232 713 ordinandi
1249 673 1446 712 commoran-

318 755 380 807 tur.
407 747 525 808 Contra
551 769 626 808 vero
654 747 824 827 Regulares
850 749 1030 829 apostolicis
1054 749 1223 830 privilegiis
1250 750 1348 808 innixi
1374 770 1445 830 quae

318 845 411 904 certis
426 844 595 905 Ordinibus
613 847 767 906 recentius
782 846 912 925 elargita
926 866 962 906 ae
977 846 1123 927 deinceps
1138 868 1195 927 per
1210 847 1290 906 viam
1306 867 1445 905 commu-

319 940 484 1000 nicationis
499 941 537 1000 ad
553 963 659 1001 omnes
679 951 808 1002 extensa
823 942 963 1018 luerant,
980 943 1100 1002 licitum
1117 943 1175 1002 sibi
1194 965 1262 1004 esse
1276 943 1445 1002 contende-

319 1036 395 1096 bant
423 1057 526 1096 sacros
559 1038 683 1098 ordines
712 1059 729 1098 a
757 1059 956 1120 quocumque
990 1039 1157 1108 catholico¹
1174 1040 1326 1111 antistite,
1354 1038 1444 1118 juxta

319 1153 426 1193 eorum
442 1133 675 1214 privilegiorum
692 1143 848 1207 tenorem,
865 1156 922 1216 pro
937 1134 1067 1194 arbitrio
1083 1135 1251 1215 suscipere.

359 1229 475 1288 Verum
491 1251 562 1289 cum
578 1231 630 1290 tel.
643 1252 704 1291 rec.
718 1232 930 1313 praedecessor
945 1231 1059 1290 Noster
1072 1231 1244 1310 Gregorius
1258 1230 1339 1311 Papa
1355 1229 1443 1303 xlll,

319 1347 375 1406 per
400 1347 486 1385 suam
513 1327 716 1406 apostolicam
743 1328 1015 1400 constitutionem,
1040 1348 1110 1408 quae
1135 1329 1266 1407 incipit:
1292 1325 1328 1385 ln
1358 1332 1444 1386 tanta

320 1441 441 1498 rerum,
459 1423 564 1482 datam
584 1424 667 1503 apud
688 1431 828 1494 sanctum
850 1423 978 1483 Petrum
999 1445 1081 1483 anno
1101 1424 1323 1484 incarnationis
1339 1423 1446 1482 Domi-

321 1519 398 1578 nicae
413 1519 607 1579 MDLXXlll
627 1519 772 1579 Kalendis
793 1520 912 1592 martii,
926 1519 1020 1600 justis
1040 1521 1249 1600 gravibusque
1269 1521 1307 1579 de
1326 1519 1445 1588 causis»,

319 1615 449 1674 alteram
463 1616 720 1675 constitutionem
735 1616 781 1674 sui
794 1615 963 1696 Nostrique
976 1617 1093 1696 pariter
1106 1617 1342 1696 praedecessoris
1353 1615 1385 1674 S.
1398 1615 1446 1674 Pii

319 1732 408 1792 papas
416 1711 552 1792 V,cujus
565 1712 686 1771 initium
700 1719 762 1772 est:
775 1711 848 1772 Etsi
861 1710 1121 1788 mendicantium,
1134 1713 1261 1792 adjuris
1273 1712 1447 1771 communis

320 1817 352 1868 et
370 1808 449 1867 sacri
470 1807 593 1867 concilii
612 1808 785 1867 Tridentini
806 1808 955 1867 terminos
975 1807 1165 1882 reduxisset,
1188 1809 1298 1868 eodem
1318 1828 1447 1889 quoque

320 1925 401 1964 anno
417 1905 448 1964 in
464 1925 556 1964 cause
571 1905 796 1964 monachorum
809 1904 937 1964 Ordinis
951 1904 1149 1966 carthusiani
1162 1905 1322 1964 decretum
1335 1903 1446 1976 edidit,

320 2021 383 2080 quo
403 1999 487 2081 ipsos
508 2000 546 2059 ab
565 2001 719 2081 episcopis
739 2001 920 2060 dioecesium
943 2001 974 2059 in
994 2001 1107 2082 quibus
1132 2022 1239 2060 eorum
1260 2001 1451 2060 monasteria

319 2097 492 2178 respective
508 2097 565 2156 sita
581 2105 665 2171 sunt,
682 2098 730 2157 vel
748 2098 870 2156 nonnisi
886 2097 924 2156 de
939 2097 1071 2157 istorum
1093 2097 1216 2156 licentia
1237 2097 1275 2156 ab
1294 2097 1362 2156 aliis
1377 2098 1449 2177 qui-

320 2195 440 2274 busque
468 2194 623 2274 episcopis
652 2194 843 2254 ordinandos
872 2215 939 2254 esse
967 2194 1152 2266 declaravit,
1181 2193 1449 2275 quemadmodum

319 2290 434 2368 legitur
448 2289 502 2348 lib.
517 2291 529 2348 l
545 2290 741 2350 decretorum
754 2289 1013 2370 Congregationis
1023 2291 1166 2363 Concilii,
1178 2312 1248 2371 pag.
1264 2292 1301 2352 75
1317 2311 1333 2348 a
1350 2297 1448 2368 terg.:

321 2384 418 2463 Dub,
436 2407 477 2446 sn
494 2385 594 2446 nostri
615 2385 790 2446 ordinandi
808 2385 994 2468 obligentur
1012 2385 1128 2446 babere
1148 2405 1327 2466 expressam
1349 2384 1451 2445 licen-

322 2481 398 2543 tiam
415 2481 592 2560 Ordinarir,
607 2482 639 2542 in
652 2482 745 2564 eujus
758 2482 888 2542 dioecesi
897 2489 980 2559 sunt,
991 2503 1051 2564 pro
1065 2481 1233 2542 ordinibus
1247 2481 1451 2562 conserendis

321 2577 362 2640 ab
383 2578 528 2660 episcopo
549 2579 683 2640 alterius
707 2578 867 2656 dioeeesis‚
892 2578 1119 2664 Sanctissimus
1143 2579 1297 2638 Dominus
1320 2577 1450 2654 Noster,

321 2675 417 2736 etiam
433 2697 472 2735 ex
486 2676 641 2736 sententia
656 2675 727 2737 Sec.
747 2674 1011 2758 Conprepationis
1026 2674 1166 2750 concilii,
1181 2673 1355 2734 declaravit
1369 2673 1453 2734 obli·

321 2793 405 2854 yart.

363 2869 503 2948 Contigit
527 2875 629 2926 autem
655 2867 712 2927 sub
736 2868 819 2928 illius
843 2889 1021 2928 successore
1045 2868 1133 2926 Sixto
1158 2889 1237 2948 papa
1260 2867 1288 2924 V
1310 2867 1454 2926 eamdem

322 2965 528 3046 quaestionem
540 2965 712 3038 retractari,
723 2965 859 3024 instante
870 2963 1144 3039 universoOrdine
1156 2963 1288 3022 fratrum
1300 2962 1455 3024 Prsedica-

325 3069 438 3121 torum.
456 3061 523 3128 Qua
538 3060 576 3119 de
592 3081 624 3120 re
639 3060 720 3119 idem
737 3061 959 3140 praedeeessor,
976 3065 1217 3140 post'maturum
1239 3080 1338 3118 causae
1355 3060 1456 3120 totius

324 3179 453 3217 examen
468 3157 499 3215 in
516 3157 646 3237 praelata
657 3156 908 3234 Congregatione
920 3155 1052 3216 Concilii
1063 3155 1216 3228 habitum,
1230 3157 1406 3228 constituit,
1419 3156 1456 3215 li·

325 3274 394 3312 cere
407 3253 621 3333 superioribus
632 3253 827 3332 regularibus
839 3253 958 3311 litteras
971 3251 1193 3311 dimissoriales
1206 3251 1378 3311 concedere
1390 3253 1457 3314 suis

325 3351 498 3429 respective
514 3349 647 3409 subditis
663 3349 700 3408 ad
722 3349 847 3409 ordines
865 3347 1098 3429 suscipiendos,
1116 3349 1169 3407 sed
1191 3369 1242 3407 eas
1258 3355 1359 3407 tamen
1376 3347 1456 3408 dioe-

325 3467 438 3505 cesano
453 3445 616 3504 dumtaxat
636 3446 782 3526 episcopo
797 3445 947 3518 directae,
965 3466 1022 3504 neo
1041 3445 1130 3504 alteri
1151 3464 1287 3525 unquam
1309 3444 1366 3502 nisi
1383 3465 1457 3504 curn

327 3543 408 3600 lorte
428 3541 453 3600 is
473 3563 490 3601 a
509 3541 636 3601 dioecesi
657 3541 807 3615 abluerit,
829 3549 897 3616 aut,
915 3549 1070 3622 quatenus
1089 3543 1120 3599 in
1146 3540 1272 3600 dioeeesi
1298 3541 1458 3614 extiterit,

327 3639 511 3698 clericorum
535 3647 639 3698 tamen
661 3639 889 3698 ordinationem
912 3659 976 3698 non
997 3639 1037 3697 sit
1057 3636 1232 3697 habiturus.
1256 3637 1301 3696 lta
1322 3637 1458 3696 relatum

327 3735 461 3796 babetur
474 3733 528 3794 lib.
539 3735 809 3815 leraedictorum
826 3735 1034 3808 decretorum,
1048 3755 1117 3814 pag.
1134 3735 1189 3792 108
1205 3751 1211 3792 :
1229 3731 1460 3793 Sanctissimus

328 3830 483 3894 Dominus
498 3829 624 3906 Noster,
640 3829 752 3890 Siaetus
773 3830 808 3908 V,
821 3851 860 3891 es
874 3829 1029 3890 sententia
1046 3828 1312 3912 Cenqreqationis
1326 3849 1461 3910 respon-

329 3927 388 4006 dit,
400 3927 575 4009 Requlares
586 3947 679 4008 posse
694 3927 863 3987 concedere
878 3925 1076 3986 dimissorias
1091 3924 1134 3986 ad
1148 3925 1328 4008 episcopum
1344 3923 1462 3985 dioeee-

329 4045 458 4102 sanum,
475 4043 572 4106 eoque
584 4021 729 4099 absente,
746 4023 794 4083 vel
811 4022 906 4082 etiem
916 4029 1084 4103 presente,
1102 4029 1132 4082 et
1146 4020 1381 4082 ordinationem
1397 4043 1462 4082 non

332 4127 464 4198 tenente,
477 4120 519 4180 ad
533 4136 786 4202 quemcumque;
800 4117 970 4178 dummodo
985 4116 1027 4177 ab
1042 4137 1077 4177 eo
1093 4117 1247 4198 episeopo,
1260 4115 1318 4198 qui
1330 4115 1463 4178 ordines

332 4216 512 4294 contulerit,
529 4214 752 4276 examinentur
766 4213 873 4296 quoad
887 4211 1077 4274 doctrinam.
