3316 5052
337 462 390 518 ³00
604 469 649 521 DE
667 469 806 524 LEGIBUS
825 473 941 525 SAGRAE
959 475 1195 528 ouuruarlouls

338 609 508 680 moralis⁴.
535 611 694 703 Episcopi
717 614 782 680 erit
806 616 980 706 assignare
1005 617 1181 684 materiam
1205 617 1371 684 examinis
1398 641 1461 706 pro

337 723 482 812 singulis
501 725 688 795 ordinibus.

385 952 479 1023 117.
501 992 544 1008 -
562 955 678 1025 Ratio
699 957 937 1027 instituendi
958 978 1123 1028 examen
1145 959 1461 1030 ordinandorum

336 1067 379 1134 in
406 1069 645 1140 seminariis.
669 1108 714 1121 --
739 1069 912 1138 Institutio
938 1073 1196 1140 seminariorum
1221 1073 1367 1163 praebuit
1392 1074 1462 1162 epi-

337 1181 450 1268 scopis
477 1182 628 1250 medium
657 1185 947 1274 simplicissimum
976 1188 1079 1254 simul
1109 1196 1144 1254 et
1169 1189 1458 1269 efficacissimum,

336 1297 545 1384 exsequendi
560 1299 791 1386 supradictum
806 1302 978 1368 decretum
993 1303 1230 1369 Tridentinum
1244 1304 1286 1369 de
1305 1302 1460 1368 examine

336 1408 610 1478 ordinandorum.
634 1412 689 1480 Sic
708 1415 799 1480 enim
818 1416 891 1482 fieri
910 1417 998 1484 solet
1016 1417 1106 1506 apud
1125 1441 1188 1482 nos
1211 1439 1355 1483 examen
1373 1415 1460 1480 ordi-

335 1523 525 1590 nandorum
552 1527 586 1592 in
613 1530 834 1598 seminariis:
860 1533 1015 1621 superior
1039 1531 1227 1614 seminarii,
1257 1531 1329 1614 vel,
1359 1530 1460 1618 hujus

336 1639 490 1723 nomine,
522 1641 685 1729 magister
712 1647 1004 1730 caeremoniarum,
1035 1647 1195 1736 requirit,
1227 1669 1288 1734 pro
1318 1644 1460 1732 singulis

337 1753 549 1838 ordinandis,
570 1757 749 1845 praedictas
772 1761 1000 1826 attestationes
1023 1763 1064 1826 de
1086 1763 1255 1848 baptismo
1280 1761 1461 1826 ordinandi

337 1868 426 1933 etde
446 1871 663 1937 matrimonio
677 1883 879 1960 parantum,
898 1875 999 1941 simul
1020 1883 1054 1942 et
1075 1875 1205 1942 litteras
1225 1873 1460 1940 testimoniales

339 1981 603 2050 ordinariorum
627 1985 688 2074 (de
714 1988 837 2078 quibus
864 1989 967 2074 inira,
993 2013 1027 2057 n.
1052 1991 1130 2060 121
1154 2013 1222 2079 sq.,
1244 1988 1401 2076 dicitur),
1426 1994 1460 2051 et

337 2094 532 2162 bannorum
550 2100 799 2184 publicationes
825 2127 885 2191 pro
909 2103 1096 2192 majoribus
1119 2102 1294 2169 ordinibus
1317 2099 1460 2190 requisi-

337 2215 409 2290 tas;
434 2247 478 2260 -
502 2220 612 2280 coetus
636 2215 887 2283 moderatorum
910 2219 1083 2284 seminarii
1108 2217 1249 2307 (conscii
1273 2218 1331 2282 des
1354 2217 1459 2280 dircc-

339 2330 431 2388 leurs
449 2326 495 2390 du
509 2328 706 2420 se'minairc)
722 2333 895 2398 examinat
909 2333 1064 2422 singulos
1079 2332 1284 2399 ordinandos
1299 2332 1340 2394 de
1361 2331 1461 2394 mori-

337 2437 401 2503 bus
424 2447 457 2502 ct
480 2441 520 2505 dc
542 2444 626 2528 fide,
651 2468 721 2532 prae
744 2447 851 2512 oculis
876 2447 1005 2514 babens
1029 2449 1101 2514 sive
1124 2447 1215 2514 dicta
1239 2445 1458 2548 documenta,

337 2551 409 2618 sive
428 2555 522 2620 varia
541 2558 734 2625 testimonia
754 2585 773 2626 a
791 2561 947 2651 parochis
962 2571 1020 2629 aut
1034 2562 1110 2628 aliis
1129 2561 1250 2642 missa,
1268 2559 1341 2624 sive
1359 2557 1461 2622 etiam

338 2673 372 2730 et
395 2669 563 2756 proecipue
591 2673 762 2760 propriam
786 2675 1046 2762 experientiam,
1073 2698 1150 2770 oum
1173 2673 1240 2763 ipsi
1263 2669 1462 2738 commorari

338 2781 471 2847 soleant
507 2783 542 2849 in
575 2787 781 2870 seminariis,
816 2791 923 2854 vitam
955 2811 1170 2855 communem
1203 2809 1281 2852 oum
1314 2783 1461 2851 alumnis

338 2903 497 2982 agentes3
519 2901 647 2988 -ipsi
666 2909 780 2967 autem
804 2903 960 2990 magistri
984 2925 1044 2968 seu
1067 2900 1276 2989 professores
1300 2897 1460 2963 ordinan-

338 3010 400 3077 dos
419 3017 615 3084 examinant
633 3019 675 3084 de
693 3021 852 3104 scientia,
870 3021 942 3086 sive
956 3019 1138 3085 instituant
1153 3017 1299 3107 speciale
1319 3034 1460 3079 examen

341 3133 419 3191 ante
448 3130 603 3218 singulos
629 3134 782 3217 ordines,
812 3135 884 3200 sive
910 3134 1067 3200 examina
1093 3131 1281 3222 periodica,
1310 3151 1385 3218 quae
1408 3125 1460 3191 bis

337 3246 396 3305 aut
419 3249 472 3308 ter
495 3245 530 3310 in
553 3271 642 3314 anno
662 3249 734 3315 fieri
753 3248 881 3332 solent,
903 3249 1016 3314 locum
1035 3254 1176 3314 teneant
1199 3244 1393 3312 examinum
1418 3241 1460 3306 ad

336 3357 491 3442 ordines;
518 3401 563 3411 —
591 3361 743 3447 demum,
777 3365 811 3428 in
839 3363 976 3430 casibus
1003 3361 1115 3428 dubiis
1143 3367 1202 3427 aut
1229 3356 1458 3448 gravioribus,

337 3473 489 3561 superior
511 3497 582 3540 rem
602 3476 710 3544 desert
729 3478 900 3568 episcopo.
922 3478 1091 3543 -Porro
1110 3475 1196 3542 nulli
1219 3473 1362 3540 dubium
1386 3493 1461 3536 esse

336 3593 465 3674 potest,
492 3589 574 3677 quin
598 3589 748 3680 episcopi
771 3615 914 3658 examen
940 3591 1205 3658 ordinandorum
1231 3589 1278 3654 ita
1304 3585 1461 3651 ordinare

335 3701 509 3787 potuerint
535 3703 570 3769 in
599 3706 804 3788 seminariis,
833 3707 931 3796 quia,
960 3729 1002 3772 ex
1027 3729 1095 3771 una
1122 3711 1235 3794 parte,
1263 3702 1327 3767 hoc
1358 3698 1459 3765 modo

336 3815 453 3901 plene,
480 3817 548 3882 imo
568 3841 669 3906 quam
692 3820 906 3908 plenissime,
933 3821 1057 3886 satisfit
1079 3819 1215 3886 decreto
1240 3815 1456 3896 Tridentino,

366 3985 375 4020 ¹
394 3985 438 4037 Sic
457 3989 538 4037 etiam
553 3988 581 4038 S.
597 3988 775 4054 congregatio
792 3991 841 4055 Ep.
858 3995 885 4041 et
905 3991 979 4055 Reg,
995 3991 1106 4040 decreto
1120 3987 1216 4039 Auctis
1235 3987 1393 4045 admodum,
1414 3986 1459 4035 die

336 4070 348 4115 t
364 4082 427 4118 nov.
443 4071 518 4128 1892,
534 4083 560 4117 n.
576 4073 604 4128 6,
617 4069 697 4131 jubet
710 4074 741 4120 ut
754 4070 854 4119 alumni
870 4070 1001 4120 Ordinum
1017 4069 1189 4132 Regularium
1205 4069 1249 4117 vel
1263 4066 1457 4129 congregatio-

336 4161 399 4194 nunr
417 4161 479 4195 cum
494 4147 566 4195 votis
581 4147 762 4209 simplicibus,
778 4164 832 4198 non
843 4149 1023 4198 admittantur
1032 4149 1067 4196 ad
1079 4147 1319 4204 subdiaconatum,
1329 4143 1460 4192 diacona·

334 4225 406 4284 tum,
427 4225 660 4289 presbyteratum,
682 4227 734 4274 nisi
753 4229 829 4289 post,
849 4227 1014 4291 respective,
1035 4239 1132 4285 unum,
1153 4225 1236 4284 duos,
1251 4227 1307 4272 tres
1326 4235 1412 4271 annos
1430 4220 1458 4268 in

335 4303 426 4353 studio
441 4319 525 4354 sacra
540 4303 683 4366 theologia
698 4305 836 4367 impensos
851 4305 948 4368 (intra,
963 4319 990 4355 n.
1004 4305 1093 4370 164).
