3300 5056
326 431 376 484 198
591 433 634 481 DE
655 431 793 482 LEGIBUS
813 430 927 481 SAGRAE
945 427 1183 479 ORDlNATlONlS

325 575 496 662 baptismo
514 582 661 661 recepta,
683 572 799 638 habita
818 572 918 638 luerit
935 581 975 638 ut
994 571 1111 654 dubia,
1133 570 1223 658 quia,
1241 569 1340 656 juxta
1360 570 1455 656 prin—

326 690 411 778 cipia
432 688 638 774 theologica,
656 687 809 752 indubio
824 687 915 776 quod
934 685 1046 774 tangit
1063 685 1215 750 valorem
1230 685 1450 763 sacramenti,

325 803 514 891 praesertim
544 802 688 882 ordinis,
719 824 797 890 pars
825 801 931 866 tutior
963 807 1016 864 est
1048 798 1221 886 eligenda,
1253 798 1303 862 uti
1334 821 1453 863 revera

327 913 546 980 ratiocinatus
575 920 627 976 est
655 911 891 990 Innocentius;
923 933 1057 991 verum,
1089 915 1168 974 ante
1196 907 1451 988 Innocentium,

327 1048 497 1114 nusquam
529 1025 657 1088 mentio
687 1024 776 1090 lacta
807 1033 860 1090 est
890 1047 951 1088 uec
980 1024 1091 1088 duhiae
1120 1021 1359 1104 ordinationis,
1390 1045 1453 1086 nec

327 1137 449 1200 horum
467 1135 710 1224 principiorum
730 1133 1009 1222 theologicorum.
1029 1133 1118 1220 Ergo
1133 1132 1257 1197 rectius
1272 1139 1306 1198 et
1324 1131 1454 1220 simpli-

328 1250 400 1314 cius
419 1249 631 1338 explicantur
649 1247 787 1336 preelata
807 1249 913 1328 facta,
934 1271 996 1336 per
1013 1245 1284 1334 persuasionem,
1302 1245 1452 1310 omnium

327 1363 449 1429 animis
487 1363 641 1442 insitam,
681 1362 722 1426 de
761 1361 919 1427 nullitate
957 1360 1180 1426 ordinationis
1218 1361 1290 1424 sine
1327 1359 1452 1447 praevio

258 1560 263 1567 Ι
328 1481 498 1570 baptismo
516 1487 671 1566 receptae.

372 1596 407 1660 h.
434 1594 517 1659 Post
541 1593 792 1675 Innocentium,
819 1593 944 1659 diserte
968 1601 1003 1659 et
1027 1594 1100 1659 sine
1124 1593 1296 1659 mentione
1320 1597 1452 1656 conuo-

329 1709 447 1774 versiae
471 1708 634 1772 asseritur
658 1714 774 1772 nostra
797 1707 985 1795 propositio
1010 1731 1029 1773 a
1049 1707 1083 1774 S.
1106 1707 1249 1788 Thoma‚
1272 1729 1374 1794 quem
1396 1704 1451 1770 alii

330 1822 487 1887 doctores
513 1821 738 1886 communiter
768 1821 876 1886 secuti
907 1829 998 1886 suut.
1033 1822 1105 1887 lmo
1132 1821 1328 1886 Bonilacius
1352 1818 1449 1896 Vlll,

330 1959 403 2023 cap.
421 1937 488 1999 Per
508 1936 765 2018 catechismum,
783 1935 816 2016 2,
835 1937 886 2000 Du
905 1957 1103 2002 cessarione
1123 1957 1313 2016 srrnrrmnr,
1335 1935 1369 1998 in
1388 1932 1448 2011 vl,

330 2071 489 2136 expresse
502 2047 664 2126 declarat,
680 2048 760 2113 licet
775 2071 843 2112 non
856 2049 983 2113 directe
996 2049 1146 2130 definiat,
1159 2071 1235 2114 esse
1247 2047 1452 2134 baptismum

331 2189 346 2222 a
371 2170 661 2226 sacramentorum
684 2164 950 2248 fundamentum
969 2170 1003 2228 et
1020 2166 1170 2249 januam
1192 2163 1449 2250 reliquorum».

375 2299 402 2340 c.
426 2275 599 2360 Eugenius
624 2275 682 2356 IV,
709 2275 803 2341 bulla
826 2277 989 2342 Ecultate
1012 2279 1099 2358 Dec,
1120 2297 1143 2341 x
1167 2275 1236 2342 kal.
1259 2276 1332 2340 dec.
1357 2273 1452 2351 1439,

330 2412 432 2478 quam
462 2389 567 2453 edidit
595 2391 630 2453 in
659 2389 796 2477 publica
824 2393 974 2456 sessione
1003 2415 1098 2456 conc.
1127 2390 1333 2471 Florentini,
1362 2409 1454 2453 sacro

331 2504 541 2589 approbante
565 2505 720 2586 concili0,
746 2527 808 2592 pro
830 2506 955 2569 unione
974 2506 1220 2584 Armenorum,
1242 2503 1454 2568 declaravit:

334 2615 525 2680 «Primum
550 2617 703 2681 omnium
727 2624 1016 2683 sacramentorum
1043 2617 1155 2682 locum
1181 2625 1275 2682 tenet
1302 2623 1456 2681 sanctum

331 2729 516 2818 baptisma,
536 2730 628 2819 quod
647 2731 721 2796 vitae
739 2733 929 2816 spiritualis
942 2735 1056 2818 jenua
1075 2741 1146 2815 est‚·
1160 2754 1221 2819 per
1239 2731 1353 2818 ipsum
1368 2731 1457 2794 enim

333 2844 484 2908 membra
509 2844 652 2926 Christi,
680 2867 719 2909 ac
745 2845 787 2910 de
811 2869 949 2934 corpore
974 2844 1139 2910 efficimur
1163 2845 1355 2910 Ecclesiae¹.
1383 2873 1398 2904 n
1423 2843 1458 2909 Si

332 2958 523 3046 baptismus
542 2966 594 3023 est
608 2958 714 3044 janua
734 2960 807 3022 vita
826 2961 1031 3044 spiritualis,
1054 2968 1106 3024 est
1129 2959 1232 3024 etiam
1252 2959 1357 3046 janua
1377 2959 1458 3023 alio-

335 3093 414 3135 rum
440 3081 731 3136 sacramentorum
738 3091 754 3156 ,·
785 3095 862 3137 cum
888 3073 979 3138 enim
1004 3095 1064 3162 per
1092 3073 1206 3138 omnia
1230 3079 1455 3150 sacramenta,

334 3192 498 3272 tanquam
514 3209 574 3272 per
588 3185 731 3250 totidem
751 3187 898 3266 canaleS,
917 3187 1037 3251 animae
1057 3187 1255 3252 infundatur
1273 3187 1345 3251 vita
1364 3187 1460 3273 spiri-

335 3297 454 3378 tualis,
487 3299 515 3362 si
542 3297 734 3386 baptismus
759 3323 828 3364 non
857 3302 902 3365 sit
926 3301 1033 3388 janua
1061 3310 1368 3382 sacramentorum,
1401 3323 1461 3364 nec

337 3411 400 3476 erit
420 3411 619 3498 simpliciter
634 3413 738 3500 janua
757 3415 836 3478 vitae
856 3414 1054 3500 spiritualis.

382 3525 415 3589 d.
447 3525 597 3590 Tandem
630 3549 730 3592 nemo
762 3550 831 3592 non
864 3529 973 3610 videt,
1009 3551 1112 3618 quam
1145 3537 1244 3594 rectae
1277 3529 1399 3593 rationi
1429 3535 1463 3591 et

337 3639 482 3726 sapienti
502 3641 707 3706 ordinationi
725 3641 884 3706 Ecclesiae
904 3650 1131 3720 consentanea
1151 3644 1195 3709 sit
1214 3644 1285 3707 haec
1304 3643 1462 3706 voluntas

339 3753 483 3835 Christi,
514 3777 617 3841 quam
646 3755 840 3823 statuimus.
871 3757 1046 3841 Minister,
1077 3757 1113 3821 in
1141 3758 1254 3845 aliqua
1283 3756 1460 3832 societate,

339 3865 490 3954 prolecto
511 3891 585 3932 esse
605 3867 706 3932 debet
725 3868 766 3934 de
790 3893 929 3956 corpore
950 3871 1055 3957 hujus
1078 3873 1260 3956 societatis,
1280 3877 1319 3936 ut
1342 3891 1464 3956 nempe

340 3981 449 4068 possit
467 3981 510 4046 ab
526 3981 683 4046 omnibus
698 3984 852 4070 agnosci,
871 3992 905 4049 et
920 3985 1065 4050 discerni
1083 4009 1102 4050 a
1121 3984 1388 4066 nou-mmistriS,
1406 4005 1465 4046 seu

374 4226 382 4259 ²
400 4227 501 4286 Mansi,
519 4226 653 4286 Concilie,
671 4229 931 4288 t.xxx1,col.1055.
