3294 5054
429 501 472 550 DE
492 501 754 562 PRAEREQUlSlTlS
772 501 816 552 iu
836 501 1089 552 ORDlNATIONEM
1269 497 1320 550 373

197 642 339 708 sabbato
363 642 529 708 medianae
554 627 837 732 quadragesimae;
859 645 951 710 unde
970 645 1095 709 certius
1119 644 1175 710 lex
1199 643 1321 732 jejunii

195 755 466 821 ordinationibus
480 757 709 843 praemittendi
733 757 948 838 servabatur3
969 797 1013 806 —
1036 759 1069 823 t.
1096 757 1253 824 Urbanus
1274 757 1318 838 ΙΙ,

196 871 269 934 loco
290 893 391 957 supra
411 870 462 958 (n.
485 870 557 958 92,
580 870 626 960 3⁰)
646 871 767 954 citato,
788 871 934 960 loquens
953 872 995 938 dc
1015 871 1166 936 sabbatis
1186 871 1320 936 ordina·

195 985 343 1064 tionum,
370 985 482 1050 nitzo
511 985 605 1050 Tunc
625 986 856 1071 protrahatur
872 987 1053 1078 jejupium
1079 1009 1184 1073 usque
1203 986 1247 1050 ad
1266 1009 1320 1050 oc-

194 1121 308 1186 speras
328 1097 409 1186 (qua
428 1098 509 1162 hora
524 1099 626 1165 fiebat
644 1100 840 1188 ordinatio),
859 1109 904 1178 et,
927 1101 955 1165 si
974 1101 1045 1165 fieri
1064 1107 1190 1187 potest,
1211 1122 1320 1188 usque

195 1213 239 1278 ad
258 1213 454 1278 crastinum.
481 1239 496 1273 >r
518 1213 679 1281 —Unde
699 1214 877 1279 ordinandi
902 1221 936 1279 et
959 1215 1138 1302 episcopus
1158 1213 1320 1278 ordinans

195 1327 333 1416 speciali
366 1329 441 1416 lege
474 1327 678 1394 tenebantur
706 1327 846 1418 (praeter
873 1335 1080 1416 praeceptum
1104 1327 1226 1418 jejunii
1259 1350 1319 1415 pro

128 1465 136 1480 ·
195 1464 326 1507 sacram
346 1443 586 1508 eucharistiam
605 1443 841 1530 percepturis),
854 1442 1023 1530 jejunium
1043 1442 1248 1530 praemittere
1264 1465 1319 1506 or-

195 1555 442 1638 dinationibus3
468 1557 537 1621 imo
563 1581 641 1622 oum
667 1557 709 1622 de
738 1557 827 1622 iacto
860 1557 1027 1622 ordinatio
1060 1557 1132 1621 fieri
1164 1556 1320 1644 nequiret

194 1671 260 1734 nisi
295 1669 447 1736 sabbatis
475 1679 621 1759 quatuor
638 1678 831 1758 temporum
850 1678 884 1736 et
911 1693 979 1735 uno
1005 1672 1061 1736 vel
1080 1670 1213 1735 duobus
1241 1669 1319 1734 sab-

194 1783 283 1851 batis
299 1785 577 1873 quadragesimae,
591 1785 804 1873 jejunabant,
826 1808 895 1849 non
914 1793 1048 1850 tantum
1064 1785 1138 1872 ipso
1159 1785 1213 1850 die
1232 1785 1320 1849 ordi-

194 1899 361 1980 nationiS,
383 1923 506 1988 nempe
532 1899 690 1982 sabbato,
720 1899 779 1964 sed
806 1899 908 1964 etiam
934 1899 1015 1964 feria
1041 1898 1087 1963 Vl
1113 1905 1147 1964 et
1171 1899 1251 1964 seria
1274 1898 1318 1962 IV

194 2013 346 2100 ejusdem
365 2013 597 2080 hebdomadis.

240 2243 335 2311 154.
355 2279 399 2291 -
417 2243 440 2310 J
444 2261 491 2310 us
511 2241 763 2310 hodiernum.
783 2276 825 2288 —
842 2240 1007 2306 Praeiatus
1027 2263 1101 2304 mos
1120 2239 1229 2306 adhuc
1246 2263 1318 2304 me-

194 2364 264 2437 net,
284 2377 362 2421 cum
377 2355 492 2442 aliquo
511 2363 627 2420 tamen
648 2361 929 2443 temperamento,
947 2362 984 2420 ut
1003 2355 1181 2441 sequitur:

240 2471 272 2534 1⁰
292 2469 435 2550 Quando
454 2469 493 2534 fit
516 2469 683 2534 ordinatio
703 2469 828 2534 debitis
854 2467 1079 2556 temporibus,
1101 2491 1222 2556 nempe
1243 2467 1318 2532 sab-

192 2585 280 2650 batis
302 2591 447 2672 quatuor
470 2591 674 2671 temporum,
697 2581 838 2648 sabbato
858 2591 937 2647 ante
964 2582 1170 2647 dominicam
1189 2583 1317 2670 passio-

191 2701 261 2780 niS,
292 2705 325 2763 et
354 2697 496 2764 sabbato
521 2705 655 2778 sancto,
687 2697 866 2762 ordinandi
895 2705 929 2762 et
957 2697 1136 2784 episcopus
1156 2696 1317 2762 ordinans

186 2813 343 2900 jejunant
364 2819 436 2876 tum
451 2812 504 2875 dic
522 2811 667 2894 sabbati,
686 2817 759 2874 tum
778 2813 867 2896 scria
894 2811 951 2894 VI,
967 2811 1028 2875 sed
1038 2817 1171 2876 tantum
1186 2809 1316 2876 ratione

189 2912 349 3014 praecepti
368 2925 535 3011 generalis
555 2924 734 3011 jejunandi
759 2925 793 2988 in
819 2931 963 3012 quatuor
987 2924 1198 3012 temporibus
1221 2932 1255 2988 et
1283 2924 1303 2976 '-

189 3039 459 3128 quadragesima
491 3076 533 3088 -
566 3037 719 3126 Insuper,
751 3039 825 3126 ipso
849 3039 902 3103 die
931 3039 1167 3120 ordinationiS,
1193 3061 1315 3126 nempe

189 3153 347 3235 sabbato,
365 3153 536 3241 jejunium
555 3153 708 3218 naturale
733 3175 868 3218 servare
892 3152 1018 3217 debent
1041 3175 1060 3216 a
1084 3153 1194 3217 media
1214 3160 1314 3220 nocte

188 3268 211 3332 ii
231 3290 348 3332 omnes
369 3267 427 3355 qui
447 3289 577 3332 sacram
597 3267 838 3332 eucharistiam
857 3273 937 3331 sunt
956 3267 1158 3354 percepturi.

233 3383 267 3445 2⁰
287 3381 430 3461 Quando
451 3382 488 3445 fit
508 3381 676 3445 ordinatio
695 3391 792 3446 entra
814 3391 978 3467 tempora,
1000 3381 1023 3444 ii
1043 3381 1238 3468 omnesqui
1259 3405 1313 3447 sa·

186 3519 278 3562 cram
305 3495 542 3560 eucharistiam
568 3495 759 3584 percepturi
789 3495 927 3560 suntin
952 3495 1056 3559 missa
1075 3495 1309 3578 ordinationis,

182 3609 351 3698 jejunium
371 3609 525 3675 naturale
546 3632 681 3674 servare
701 3607 827 3674 debent
853 3633 872 3674 a
896 3609 1006 3673 media
1027 3615 1137 3674 nocte.
1159 3647 1203 3658 -
1222 3609 1311 3674 Prae·

186 3733 238 3790 ter
266 3731 380 3790 autem
409 3723 471 3788 boc
491 3723 677 3809 jejunium,
700 3723 833 3788 nullum
862 3722 954 3788 aliud
978 3745 1112 3788 servare
1137 3731 1308 3804 tenentur,

186 3860 297 3925 neque
325 3837 399 3926 ipso
428 3835 482 3901 die
511 3836 751 3918 ordinationis,
782 3860 892 3925 neque
925 3837 1053 3924 pridie,
1084 3837 1174 3902 unde
1208 3838 1310 3902 etiam

186 3973 305 4016 carnes
325 3951 527 4016 manducare
547 3957 691 4039 possunt
710 3951 764 4016 his
787 3950 920 4016 duobus
943 3950 1063 4016 diebus
1088 3951 1173 4038 (nisi
1192 3975 1310 4017 cocur-

186 4073 239 4130 rat
270 4065 334 4129 alia
359 4065 444 4152 lex).
476 4065 574 4146 Quod
605 4072 740 4130 constat
762 4089 827 4130 usu
852 4065 1057 4145 universali3
1088 4066 1176 4130 unde
1207 4065 1307 4130 etiam

186 4179 415 4266 Congregatio
442 4179 478 4246 S.
504 4177 631 4260 Officii,
658 4179 739 4244 feria
760 4179 819 4259 lv,
846 4180 900 4244 die
931 4179 968 4244 id
990 4179 1178 4246 decembris
1203 4179 1306 4262 1898,

187 4296 361 4384 respondit
384 4315 391 4361 :
422 4323 438 4354 «
461 4295 580 4375 Quoad
600 4295 848 4376 ordinationeS,
870 4295 996 4361 sufficit
1022 4317 1157 4360 servare
1179 4295 1308 4382 jejunia
