3290 5060
304 453 347 504 DE
366 451 518 501 LITTERIS
538 451 829 504 nlnflssonlaulnus
848 455 889 504 ΕΤ
908 455 1208 506 EXCOIIPORIITIONE
1268 452 1317 504 159

191 598 361 690 parochiae
381 595 500 661 alienae
524 596 651 682 absque
669 600 854 684 superioria
877 601 1147 666 ordinandorum
1167 601 1315 683 lieentia,

192 715 355 792 scienter,
387 733 450 776 seu
473 709 638 775 affectata
673 711 885 798 ignorantia,
912 715 973 780 ‘val
1004 738 1231 804 quocumque·
1252 715 1318 781 alio

190 830 357 917 figmento
382 825 547 913 quaene,
568 829 848 914 praesumpserint
874 828 1046 910 ordinare,
1068 853 1128 916 per
1153 853 1280 895 annum
1300 854 1317 894 a

191 942 375 1008 collatione
398 939 556 1004 ordinum
580 939 794 1006 decernimus
818 965 893 1008 esse
918 965 1123 1032 suspensos3
1151 945 1220 1026 his,
1243 968 1318 1032 quar

187 1057 267 1145 jura
285 1061 444 1122 statuunt
464 1060 581 1118 contra
600 1054 715 1119 taliter
734 1054 924 1140 ordinatos,
946 1058 981 1122 in
1001 1081 1062 1122 suo
1082 1058 1201 1125 robore
1221 1059 1319 1124 dura-

188 1171 290 1237 turis.
308 1170 450 1236 Clericis
469 1191 604 1257 quoque
622 1169 790 1255 parochias
809 1171 925 1236 taliter
943 1194 1203 1260 suspensorum,
1222 1180 1319 1262 post-

192 1309 297 1375 quam
324 1307 441 1350 eorum
465 1282 644 1370 suspensio
668 1282 769 1348 fuerit
792 1285 989 1367 manifesta,
1017 1285 1144 1374 absque
1167 1287 1319 1375 ipsorum

190 1401 296 1466 etiam
319 1398 474 1477 licentia,
501 1397 637 1462 interim
663 1399 847 1486 recipiendi
871 1400 1007 1465 ordines
1032 1400 1074 1464 ab
1098 1399 1173 1464 aliis
1197 1401 1318 1466 vicinis

192 1513 380 1603 episcopis,
397 1513 481 1578 alias
497 1519 612 1577 tamen
627 1513 805 1594 canonice,
823 1513 966 1579 liberam
980 1514 1199 1579 concedimus
1215 1514 1319 1579 facul-

189 1636 311 1694 tatem.
337 1655 354 1688 u

239 1767 267 1808 c.
295 1743 376 1808 Haeo
396 1742 454 1807 lex
473 1743 666 1831 specialiter
683 1749 825 1830 urgetur
842 1749 916 1808 tum
941 1766 1019 1831 erga
1043 1744 1222 1831 episcopos
1250 1743 1319 1809 Ita-

192 1857 265 1937 liae,
293 1880 354 1944 pro
381 1856 578 1921 ordinandis
606 1857 869 1921 ultramontanis
894 1859 986 1944 (cap.
1016 1857 1109 1943 Saepe
1135 1858 1317 1944 continpit,

195 1974 236 2052 I,
261 1971 311 2035 Du
334 1991 427 2036 mur.
451 1991 545 2052 oum,
567 1971 602 2034 in
621 1969 708 2059 vl);
729 1979 866 2036 —tum
886 1994 966 2058 erga
985 1994 1105 2036 omnes
1128 1971 1317 2061 episcopos

192 2085 376 2151 autetiam
396 2085 481 2150 alios
500 2085 713 2166 ordinantes,
730 2108 797 2171 pro
821 2087 998 2150 collatione
1012 2087 1135 2171 primae
1155 2095 1317 2168 tonsura,

139 2261 144 2269 ,
193 2222 272 2286 quae
284 2199 375 2264 viam
388 2197 561 2286 aperiebat
573 2197 747 2263 beneficiis
760 2206 794 2264 et
806 2199 994 2287 privilegiis
1006 2199 1218 2265 clericalibus
1229 2199 1316 2288 (cap.

192 2313 342 2397 Nullus,
368 2313 404 2394 I,
432 2313 507 2378 eod.
532 2313 604 2394 tit,
631 2313 672 2377 in·
690 2312 775 2402 V1);
800 2319 943 2377 —tum
968 2315 1069 2378 etiam
1097 2337 1178 2402 erga
1202 2337 1320 2379 omnes

192 2427 390 2516 episcopos,
411 2451 474 2514 pro
494 2426 675 2491 collatione
695 2427 855 2492 ordinum
882 2429 1055 2514 majorum
1076 2427 1147 2516 (Pii
1173 2427 1203 2492 II
1228 2427 1319 2493 bulla

193 2541 285 2606 Cum
305 2563 557 2624 aurocrorum,
578 2540 641 2604 XV
662 2540 737 2605 Kal.
760 2541 833 2606 dac.
857 2540 992 2629 14611).

240 2655 274 2720 d.
303 2655 429 2742 Legem
449 2655 586 2720 demum
610 2661 751 2720 renovat
770 2655 952 2721 concilium
971 2654 1222 2737 Tridentinum,
1244 2679 1317 2744 cap.

192 2769 450 2854 Ordinationes,
481 2769 517 2851 8,
544 2793 628 2835 sess.
652 2767 783 2851 XXIII,
815 2770 866 2834 Du
894 2790 964 2834 nur.
993 2788 1000 2835 :
1032 2796 1048 2829 «
1080 2769 1320 2856 Unusquisque

194 2893 311 2949 autem
335 2907 354 2948 a
376 2885 520 2970 proprio
543 2885 694 2969 episcopo
714 2885 904 2950 ordinetur.
927 2883 1074 2964 Quodsi
1097 2883 1173 2971 quis
1192 2882 1235 2948 ab
1254 2885 1320 2949 alio

193 2999 389 3086 promoveri
408 3004 519 3086 petat,
541 2998 738 3063 nullatenus
757 2997 857 3080 idei,
881 2997 983 3062 etiam
1003 2997 1154 3083 cujusvis
1178 3019 1321 3086 genera-

193 3111 239 3176 lis
266 3118 326 3178 aut
356 3113 514 3201 specialis
541 3113 697 3200 rescripti
724 3112 780 3176 veI
806 3111 975 3199 privilegii
1000 3117 1187 3198 praetextu,
1217 3110 1320 3176 'etiam

196 3227 336 3292 statutis
368 3225 597 3315 temporibus,
632 3227 859 3315 permittatur,
894 3226 961 3290 nisi
993 3225 1067 3312 ejus
1099 3224 1252 3312 probitas
1283 3250 1320 3291 ac

196 3363 309 3406 mores
338 3340 509 3407 Ordinarii
533 3340 586 3406 sui
609 3341 805 3407 testimonio
834 3339 1127 3406 commendentur.
1158 3339 1194 3405 Si
1224 3363 1321 3405 secus

195 3454 273 3534 fiat,
296 3454 457 3520 ordinans
476 3479 495 3520 a
514 3455 696 3520 collatione
718 3455 874 3519 ordinum
893 3477 953 3542 par
972 3475 1115 3534 annum,
1133 3461 1168 3518 et
1186 3453 1321 3519 ordina-

195 3577 253 3634 tus
277 3576 557 3658 asusoeptorum
580 3569 736 3633 ordinum
761 3567 975 3648 executione,
998 3566 1162 3655 ¹quamdiu
1185 3567 1321 3655 proprio

198 3680 376 3748 Ordinario
390 3681 568 3749 videbitur
587 3682 761 3771 expedire,
780 3682 825 3746 sit
842 3700 1048 3770 suspensum
1068 3707 1085 3742 ›>
1105 3679 1321 3749 illudentem

195 3796 354 3880 pensante
377 3795 428 3861 vel
449 3789 591 3882 speciale
613 3796 818 3881 rescriptum
841 3803 901 3859 aut
919 3794 1158 3880 pniaiteqium,
1186 3791 1228 3858 de
1253 3815 1320 3880 quo

197 3907 350 3998 loquitur
372 3909 571 3990 concilium,
592 3908 679 3973 nibil
698 3907 791 3972 aliud
810 3915 862 3972 est
885 3930 987 3996 quam
1011 3906 1190 3972 ordinandi
1212 3906 1320 3971 licen·

198 4021 246 4087 tia
264 4044 327 4088 seu
346 4021 546 4088 dimissoriae
561 4046 580 4087 a
596 4023 638 4088 R.
656 4022 821 4087 Pontifice
837 4042 1023 4102 concessae;
1041 4021 1132 4086 unde
1147 4018 1321 4085 sufficiunt

232 4183 240 4217 ¹
263 4180 336 4233 nun.
356 4183 442 4243 Rom,
463 4188 483 4234 t.
504 4200 545 4244 m,
564 4187 635 4248 part.
652 4191 680 4242 3,
700 4199 727 4247 p.
747 4189 805 4244 1093
829 4183 899 4233 hane
918 4183 1019 4233 chtam
1038 4183 1120 4232 etiem
1144 4179 1229 4230 babes
1248 4179 1320 4242 apud

202 4261 368 4323 linamente,
383 4279 410 4326 p.
424 4279 449 4312 x.
