<?xml version="1.0" encoding="UTF-8"?>
<!DOCTYPE html PUBLIC "-//W3C//DTD XHTML 1.0 Transitional//EN"
    "http://www.w3.org/TR/xhtml1/DTD/xhtml1-transitional.dtd">
<html xmlns="http://www.w3.org/1999/xhtml" xml:lang="en" lang="en">
 <head>
  <title>
</title>
<meta http-equiv="Content-Type" content="text/html;charset=utf-8" />
  <meta name='ocr-system' content='tesseract 3.04.00' />
  <meta name='ocr-capabilities' content='ocr_page ocr_carea ocr_par ocr_line ocrx_word'/>
</head>
<body>
  <div class='ocr_page' id='page_1' title='image "./praelectionesde00manygoog_0071.png"; bbox 0 0 3270 5050; ppageno 0'>
   <div class='ocr_carea' id='block_1_1' title="bbox 317 471 1176 541">
    <p class='ocr_par' dir='ltr' id='par_1_1' title="bbox 317 471 1176 541">
     <span class='ocr_line' id='line_1_1' title="bbox 317 471 1176 541; baseline -0.005 -15"><span class='ocrx_word' id='word_1_1' title='bbox 317 471 350 526; x_wconf 81' lang='lat'><strong>58</strong></span> <span class='ocrx_word' id='word_1_2' title='bbox 584 473 627 524; x_wconf 88' lang='lat' dir='ltr'><strong>DE</strong></span> <span class='ocrx_word' id='word_1_3' title='bbox 647 473 786 541; x_wconf 78' lang='lat' dir='ltr'>LEGIBUS</span> <span class='ocrx_word' id='word_1_4' title='bbox 805 473 920 525; x_wconf 74' lang='lat' dir='ltr'>SACRAE</span> <span class='ocrx_word' id='word_1_5' title='bbox 939 471 1176 524; x_wconf 78' lang='lat' dir='ltr'><strong>Oltlllllh&#39;llONlS</strong></span> 
     </span>
    </p>
   </div>
   <div class='ocr_carea' id='block_1_2' title="bbox 223 612 1446 4191">
    <p class='ocr_par' dir='ltr' id='par_1_2' title="bbox 316 612 1446 910">
     <span class='ocr_line' id='line_1_2' title="bbox 317 612 1445 696; baseline 0 -22"><span class='ocrx_word' id='word_1_6' title='bbox 317 614 443 676; x_wconf 88' lang='lat' dir='ltr'><strong>Nicaena</strong></span> <span class='ocrx_word' id='word_1_7' title='bbox 469 635 579 676; x_wconf 88' lang='lat' dir='ltr'><strong>omnes</strong></span> <span class='ocrx_word' id='word_1_8' title='bbox 604 615 768 677; x_wconf 78' lang='lat' dir='ltr'><strong>haereticos</strong></span> <span class='ocrx_word' id='word_1_9' title='bbox 795 615 948 696; x_wconf 76' lang='lat' dir='ltr'><strong>suscepit,</strong></span> <span class='ocrx_word' id='word_1_10' title='bbox 972 615 1112 696; x_wconf 84' lang='lat' dir='ltr'><strong>exceptis</strong></span> <span class='ocrx_word' id='word_1_11' title='bbox 1133 612 1223 673; x_wconf 90' lang='lat' dir='ltr'><strong>Pauli</strong></span> <span class='ocrx_word' id='word_1_12' title='bbox 1248 613 1445 674; x_wconf 74' lang='lat' dir='ltr'><strong>samosateni</strong></span> 
     </span>
     <span class='ocr_line' id='line_1_3' title="bbox 317 717 1446 805; baseline 0 -25"><span class='ocrx_word' id='word_1_13' title='bbox 317 719 489 802; x_wconf 86' lang='lat' dir='ltr'><strong>discipulis.</strong></span> <span class='ocrx_word' id='word_1_14' title='bbox 513 720 557 782; x_wconf 84' lang='lat' dir='ltr'><strong>Et</strong></span> <span class='ocrx_word' id='word_1_15' title='bbox 577 720 665 805; x_wconf 85' lang='lat' dir='ltr'><strong>quod</strong></span> <span class='ocrx_word' id='word_1_16' title='bbox 684 721 736 782; x_wconf 82' lang='lat' dir='ltr'><strong>liis</strong></span> <span class='ocrx_word' id='word_1_17' title='bbox 757 721 863 802; x_wconf 87' lang='lat' dir='ltr'><strong>majus</strong></span> <span class='ocrx_word' id='word_1_18' title='bbox 884 727 945 798; x_wconf 89' lang='lat' dir='ltr'><strong>est,</strong></span> <span class='ocrx_word' id='word_1_19' title='bbox 970 719 1115 802; x_wconf 88' lang='lat' dir='ltr'><strong>episcopo</strong></span> <span class='ocrx_word' id='word_1_20' title='bbox 1129 717 1398 798; x_wconf 81' lang='lat' dir='ltr'><strong>Novatianornm,</strong></span> <span class='ocrx_word' id='word_1_21' title='bbox 1415 719 1446 780; x_wconf 84' lang='lat' dir='ltr'><strong>si</strong></span> 
     </span>
     <span class='ocr_line' id='line_1_4' title="bbox 316 824 1161 910; baseline -0.007 -24"><span class='ocrx_word' id='word_1_22' title='bbox 316 846 483 887; x_wconf 80' lang='lat' dir='ltr'><strong>conversus</strong></span> <span class='ocrx_word' id='word_1_23' title='bbox 497 825 612 908; x_wconf 82' lang='lat' dir='ltr'><strong>suerit,</strong></span> <span class='ocrx_word' id='word_1_24' title='bbox 625 825 827 910; x_wconf 79' lang='lat' dir='ltr'><strong>presbyterii</strong></span> <span class='ocrx_word' id='word_1_25' title='bbox 837 824 976 909; x_wconf 75' lang='lat' dir='ltr'><strong>pradum</strong></span> <span class='ocrx_word' id='word_1_26' title='bbox 990 831 1094 886; x_wconf 82' lang='lat' dir='ltr'><strong>servet</strong></span> <span class='ocrx_word' id='word_1_27' title='bbox 1105 824 1127 886; x_wconf 89' lang='lat'><strong>¹.</strong></span> <span class='ocrx_word' id='word_1_28' title='bbox 1146 849 1161 881; x_wconf 71' lang='lat' dir='ltr'><strong>&gt;i</strong></span> 
     </span>
    </p>

    <p class='ocr_par' dir='ltr' id='par_1_3' title="bbox 315 929 1442 1204">
     <span class='ocr_line' id='line_1_5' title="bbox 357 929 1442 1016; baseline -0.003 -24"><span class='ocrx_word' id='word_1_29' title='bbox 357 931 394 992; x_wconf 90' lang='grc' dir='ltr'><strong>Β.</strong></span> <span class='ocrx_word' id='word_1_30' title='bbox 410 931 445 994; x_wconf 89' lang='lat' dir='ltr'><strong>S.</strong></span> <span class='ocrx_word' id='word_1_31' title='bbox 461 931 683 1016; x_wconf 76' lang='lat' dir='ltr'><strong>Aupustinus;</strong></span> <span class='ocrx_word' id='word_1_32' title='bbox 701 932 753 992; x_wconf 89' lang='lat' dir='ltr'><strong>hic</strong></span> <span class='ocrx_word' id='word_1_33' title='bbox 767 932 849 992; x_wconf 85' lang='lat' dir='ltr'><strong>enim</strong></span> <span class='ocrx_word' id='word_1_34' title='bbox 864 931 981 1012; x_wconf 88' lang='lat' dir='ltr'><strong>pluries</strong></span> <span class='ocrx_word' id='word_1_35' title='bbox 996 931 1027 991; x_wconf 92' lang='lat' dir='ltr'><strong>id</strong></span> <span class='ocrx_word' id='word_1_36' title='bbox 1043 937 1176 991; x_wconf 85' lang='lat' dir='ltr'><strong>testatus</strong></span> <span class='ocrx_word' id='word_1_37' title='bbox 1190 937 1253 1004; x_wconf 86' lang='lat' dir='ltr'><strong>est,</strong></span> <span class='ocrx_word' id='word_1_38' title='bbox 1270 929 1442 1011; x_wconf 84' lang='lat' dir='ltr'><strong>etquidem</strong></span> 
     </span>
     <span class='ocr_line' id='line_1_6' title="bbox 317 1034 1440 1119; baseline 0 -23"><span class='ocrx_word' id='word_1_39' title='bbox 317 1044 466 1119; x_wconf 89' lang='lat' dir='ltr'><strong>tanquam</strong></span> <span class='ocrx_word' id='word_1_40' title='bbox 481 1045 568 1098; x_wconf 81' lang='lat' dir='ltr'><strong>extra</strong></span> <span class='ocrx_word' id='word_1_41' title='bbox 584 1059 708 1099; x_wconf 92' lang='lat' dir='ltr'><strong>omnem</strong></span> <span class='ocrx_word' id='word_1_42' title='bbox 722 1036 984 1112; x_wconf 87' lang='lat' dir='ltr'><strong>controversiam,</strong></span> <span class='ocrx_word' id='word_1_43' title='bbox 1001 1045 1033 1098; x_wconf 89' lang='lat' dir='ltr'><strong>et</strong></span> <span class='ocrx_word' id='word_1_44' title='bbox 1047 1038 1078 1096; x_wconf 94' lang='lat' dir='ltr'><strong>in</strong></span> <span class='ocrx_word' id='word_1_45' title='bbox 1091 1043 1160 1096; x_wconf 88' lang='lat' dir='ltr'><strong>tolo</strong></span> <span class='ocrx_word' id='word_1_46' title='bbox 1174 1034 1249 1096; x_wconf 84' lang='lat' dir='ltr'><strong>orbo</strong></span> <span class='ocrx_word' id='word_1_47' title='bbox 1263 1043 1440 1117; x_wconf 84' lang='lat' dir='ltr'><strong>receptum;</strong></span> 
     </span>
     <span class='ocr_line' id='line_1_7' title="bbox 315 1143 478 1204; baseline 0 0"><span class='ocrx_word' id='word_1_48' title='bbox 315 1143 360 1204; x_wconf 90' lang='lat' dir='ltr'><strong>ait</strong></span> <span class='ocrx_word' id='word_1_49' title='bbox 374 1144 478 1204; x_wconf 90' lang='lat' dir='ltr'><strong>enim:</strong></span> 
     </span>
    </p>

    <p class='ocr_par' dir='ltr' id='par_1_4' title="bbox 223 1247 1441 4063">
     <span class='ocr_line' id='line_1_8' title="bbox 356 1247 1441 1332; baseline -0.001 -22"><span class='ocrx_word' id='word_1_50' title='bbox 356 1269 384 1310; x_wconf 89' lang='lat' dir='ltr'><strong>a.</strong></span> <span class='ocrx_word' id='word_1_51' title='bbox 402 1247 521 1310; x_wconf 75' lang='lat' dir='ltr'><strong>Contra</strong></span> <span class='ocrx_word' id='word_1_52' title='bbox 535 1249 701 1332; x_wconf 84' lang='lat' dir='ltr'><strong>epistolam</strong></span> <span class='ocrx_word' id='word_1_53' title='bbox 721 1255 944 1332; x_wconf 81' lang='lat' dir='ltr'><strong>Parmeniani‚</strong></span> <span class='ocrx_word' id='word_1_54' title='bbox 966 1254 1020 1315; x_wconf 88' lang='lat' dir='ltr'><strong>lib.</strong></span> <span class='ocrx_word' id='word_1_55' title='bbox 1043 1253 1089 1328; x_wconf 88' lang='lat' dir='ltr'><strong>Il,</strong></span> <span class='ocrx_word' id='word_1_56' title='bbox 1108 1275 1140 1314; x_wconf 91' lang='lat' dir='ltr'><strong>n.</strong></span> <span class='ocrx_word' id='word_1_57' title='bbox 1157 1257 1215 1314; x_wconf 79' lang='lat'><strong>28:</strong></span> <span class='ocrx_word' id='word_1_58' title='bbox 1236 1253 1441 1330; x_wconf 83' lang='lat' dir='ltr'><strong>«Utrumque</strong></span> 
     </span>
     <span class='ocr_line' id='line_1_9' title="bbox 271 1353 1441 1441; baseline 0.001 -27"><span class='ocrx_word' id='word_1_59' title='bbox 271 1375 274 1387; x_wconf 87' lang='lat'>·</span> <span class='ocrx_word' id='word_1_60' title='bbox 315 1355 399 1414; x_wconf 87' lang='lat' dir='ltr'><strong>enim</strong></span> <span class='ocrx_word' id='word_1_61' title='bbox 411 1353 605 1436; x_wconf 84' lang='lat' dir='ltr'><strong>(baptismus</strong></span> <span class='ocrx_word' id='word_1_62' title='bbox 621 1363 652 1416; x_wconf 90' lang='lat' dir='ltr'><strong>et</strong></span> <span class='ocrx_word' id='word_1_63' title='bbox 666 1359 841 1438; x_wconf 84' lang='lat' dir='ltr'><strong>ordinatio)</strong></span> <span class='ocrx_word' id='word_1_64' title='bbox 854 1367 1083 1422; x_wconf 85' lang='lat' dir='ltr'><strong>sacramentum</strong></span> <span class='ocrx_word' id='word_1_65' title='bbox 1098 1365 1160 1435; x_wconf 86' lang='lat' dir='ltr'><strong>est,</strong></span> <span class='ocrx_word' id='word_1_66' title='bbox 1176 1366 1206 1419; x_wconf 92' lang='lat' dir='ltr'><strong>et</strong></span> <span class='ocrx_word' id='word_1_67' title='bbox 1220 1357 1354 1441; x_wconf 87' lang='lat' dir='ltr'><strong>quadam</strong></span> <span class='ocrx_word' id='word_1_68' title='bbox 1369 1375 1441 1416; x_wconf 92' lang='lat' dir='ltr'><strong>con-</strong></span> 
     </span>
     <span class='ocr_line' id='line_1_10' title="bbox 316 1459 1440 1545; baseline 0.001 -27"><span class='ocrx_word' id='word_1_69' title='bbox 316 1459 488 1520; x_wconf 82' lang='lat' dir='ltr'><strong>secratione</strong></span> <span class='ocrx_word' id='word_1_70' title='bbox 509 1465 678 1542; x_wconf 87' lang='lat' dir='ltr'><strong>utrumque</strong></span> <span class='ocrx_word' id='word_1_71' title='bbox 698 1463 818 1526; x_wconf 89' lang='lat' dir='ltr'><strong>homini</strong></span> <span class='ocrx_word' id='word_1_72' title='bbox 838 1466 940 1540; x_wconf 83' lang='lat' dir='ltr'><strong>datur,</strong></span> <span class='ocrx_word' id='word_1_73' title='bbox 962 1463 1039 1525; x_wconf 92' lang='lat' dir='ltr'><strong>illud</strong></span> <span class='ocrx_word' id='word_1_74' title='bbox 1059 1485 1130 1524; x_wconf 92' lang='lat' dir='ltr'><strong>cum</strong></span> <span class='ocrx_word' id='word_1_75' title='bbox 1151 1464 1336 1545; x_wconf 81' lang='lat' dir='ltr'><strong>baptizatur,</strong></span> <span class='ocrx_word' id='word_1_76' title='bbox 1358 1461 1440 1520; x_wconf 88' lang='lat' dir='ltr'><strong>istud</strong></span> 
     </span>
     <span class='ocr_line' id='line_1_11' title="bbox 314 1565 1440 1652; baseline 0.001 -28"><span class='ocrx_word' id='word_1_77' title='bbox 314 1586 385 1625; x_wconf 91' lang='lat' dir='ltr'><strong>cum</strong></span> <span class='ocrx_word' id='word_1_78' title='bbox 408 1565 583 1642; x_wconf 84' lang='lat' dir='ltr'><strong>ordinatur,</strong></span> <span class='ocrx_word' id='word_1_79' title='bbox 607 1565 739 1652; x_wconf 85' lang='lat' dir='ltr'><strong>ideoque</strong></span> <span class='ocrx_word' id='word_1_80' title='bbox 758 1569 791 1630; x_wconf 86' lang='lat' dir='ltr'><strong>in</strong></span> <span class='ocrx_word' id='word_1_81' title='bbox 811 1569 969 1632; x_wconf 81' lang='lat' dir='ltr'><strong>catholica</strong></span> <span class='ocrx_word' id='word_1_82' title='bbox 990 1569 1165 1650; x_wconf 85' lang='lat' dir='ltr'><strong>(Ecclesia)</strong></span> <span class='ocrx_word' id='word_1_83' title='bbox 1189 1575 1358 1650; x_wconf 82' lang='lat' dir='ltr'><strong>utrumque</strong></span> <span class='ocrx_word' id='word_1_84' title='bbox 1379 1587 1440 1626; x_wconf 85' lang='lat' dir='ltr'><strong>non</strong></span> 
     </span>
     <span class='ocr_line' id='line_1_12' title="bbox 316 1669 1438 1757; baseline 0.001 -28"><span class='ocrx_word' id='word_1_85' title='bbox 316 1669 389 1730; x_wconf 87' lang='lat' dir='ltr'><strong>licet</strong></span> <span class='ocrx_word' id='word_1_86' title='bbox 405 1669 526 1732; x_wconf 79' lang='lat' dir='ltr'><strong>iterari.</strong></span> <span class='ocrx_word' id='word_1_87' title='bbox 545 1671 641 1746; x_wconf 85' lang='lat' dir='ltr'><strong>Nam,</strong></span> <span class='ocrx_word' id='word_1_88' title='bbox 657 1673 683 1732; x_wconf 92' lang='lat' dir='ltr'><strong>si</strong></span> <span class='ocrx_word' id='word_1_89' title='bbox 700 1675 827 1756; x_wconf 91' lang='lat' dir='ltr'><strong>quando</strong></span> <span class='ocrx_word' id='word_1_90' title='bbox 842 1696 881 1735; x_wconf 81' lang='lat' dir='ltr'><strong>ex</strong></span> <span class='ocrx_word' id='word_1_91' title='bbox 897 1675 963 1757; x_wconf 91' lang='lat' dir='ltr'><strong>ipsa</strong></span> <span class='ocrx_word' id='word_1_92' title='bbox 981 1683 1069 1756; x_wconf 86' lang='lat' dir='ltr'><strong>parte</strong></span> <span class='ocrx_word' id='word_1_93' title='bbox 1084 1674 1248 1754; x_wconf 79' lang='lat' dir='ltr'><strong>(haeresis)</strong></span> <span class='ocrx_word' id='word_1_94' title='bbox 1262 1673 1438 1743; x_wconf 87' lang='lat' dir='ltr'><strong>venientes,</strong></span> 
     </span>
     <span class='ocr_line' id='line_1_13' title="bbox 314 1773 1438 1860; baseline 0.002 -27"><span class='ocrx_word' id='word_1_95' title='bbox 314 1773 410 1836; x_wconf 84' lang='lat' dir='ltr'><strong>otiam</strong></span> <span class='ocrx_word' id='word_1_96' title='bbox 428 1775 610 1858; x_wconf 68' lang='lat' dir='ltr'><strong>propositi,</strong></span> <span class='ocrx_word' id='word_1_97' title='bbox 639 1798 696 1859; x_wconf 79' lang='lat' dir='ltr'><strong>pro</strong></span> <span class='ocrx_word' id='word_1_98' title='bbox 720 1779 803 1840; x_wconf 94' lang='lat' dir='ltr'><strong>bono</strong></span> <span class='ocrx_word' id='word_1_99' title='bbox 826 1780 927 1860; x_wconf 81' lang='lat' dir='ltr'><strong>pacis,</strong></span> <span class='ocrx_word' id='word_1_100' title='bbox 953 1773 1096 1840; x_wconf 77' lang='lat' dir='ltr'><strong>correcto</strong></span> <span class='ocrx_word' id='word_1_101' title='bbox 1118 1778 1294 1839; x_wconf 82' lang='lat' dir='ltr'><strong>schismatis</strong></span> <span class='ocrx_word' id='word_1_102' title='bbox 1318 1795 1438 1845; x_wconf 79' lang='lat' dir='ltr'><strong>errore,</strong></span> 
     </span>
     <span class='ocr_line' id='line_1_14' title="bbox 313 1881 1438 1966; baseline 0.001 -28"><span class='ocrx_word' id='word_1_103' title='bbox 313 1881 450 1960; x_wconf 87' lang='lat' dir='ltr'><strong>suscepti</strong></span> <span class='ocrx_word' id='word_1_104' title='bbox 463 1889 550 1954; x_wconf 87' lang='lat' dir='ltr'><strong>sunt,</strong></span> <span class='ocrx_word' id='word_1_105' title='bbox 565 1887 596 1941; x_wconf 85' lang='lat' dir='ltr'><strong>et</strong></span> <span class='ocrx_word' id='word_1_106' title='bbox 607 1881 637 1940; x_wconf 88' lang='lat' dir='ltr'><strong>si</strong></span> <span class='ocrx_word' id='word_1_107' title='bbox 648 1881 750 1942; x_wconf 85' lang='lat' dir='ltr'><strong>visum</strong></span> <span class='ocrx_word' id='word_1_108' title='bbox 763 1889 811 1943; x_wconf 88' lang='lat' dir='ltr'><strong>est</strong></span> <span class='ocrx_word' id='word_1_109' title='bbox 822 1904 901 1966; x_wconf 89' lang='lat' dir='ltr'><strong>opus</strong></span> <span class='ocrx_word' id='word_1_110' title='bbox 912 1904 979 1944; x_wconf 83' lang='lat' dir='ltr'><strong>esso</strong></span> <span class='ocrx_word' id='word_1_111' title='bbox 995 1889 1028 1944; x_wconf 91' lang='lat' dir='ltr'><strong>ut</strong></span> <span class='ocrx_word' id='word_1_112' title='bbox 1039 1881 1148 1944; x_wconf 83' lang='lat' dir='ltr'><strong>eadem</strong></span> <span class='ocrx_word' id='word_1_113' title='bbox 1160 1881 1271 1964; x_wconf 78' lang='lat' dir='ltr'><strong>officia</strong></span> <span class='ocrx_word' id='word_1_114' title='bbox 1282 1886 1438 1965; x_wconf 73' lang='lat' dir='ltr'><strong>perstent,</strong></span> 
     </span>
     <span class='ocr_line' id='line_1_15' title="bbox 269 1981 1438 2070; baseline 0.002 -28"><span class='ocrx_word' id='word_1_115' title='bbox 269 1981 272 1988; x_wconf 78' lang='grc'><strong>’</strong></span> <span class='ocrx_word' id='word_1_116' title='bbox 313 2005 384 2064; x_wconf 78' lang='lat' dir='ltr'><strong>puis</strong></span> <span class='ocrx_word' id='word_1_117' title='bbox 396 1983 564 2066; x_wconf 74' lang='lat' dir='ltr'><strong>parebant,</strong></span> <span class='ocrx_word' id='word_1_118' title='bbox 580 2007 642 2046; x_wconf 87' lang='lat' dir='ltr'><strong>non</strong></span> <span class='ocrx_word' id='word_1_119' title='bbox 655 1994 729 2047; x_wconf 86' lang='lat' dir='ltr'><strong>sunt</strong></span> <span class='ocrx_word' id='word_1_120' title='bbox 741 2009 868 2048; x_wconf 83' lang='lat' dir='ltr'><strong>rursum</strong></span> <span class='ocrx_word' id='word_1_121' title='bbox 882 1987 1024 2049; x_wconf 80' lang='lat' dir='ltr'><strong>ordinati</strong></span> <span class='ocrx_word' id='word_1_122' title='bbox 1028 2006 1040 2065; x_wconf 89' lang='lat'><em>;</em></span> <span class='ocrx_word' id='word_1_123' title='bbox 1053 1987 1107 2048; x_wconf 88' lang='lat' dir='ltr'><strong>scd</strong></span> <span class='ocrx_word' id='word_1_124' title='bbox 1119 1985 1202 2048; x_wconf 86' lang='lat' dir='ltr'><strong>sicut</strong></span> <span class='ocrx_word' id='word_1_125' title='bbox 1213 1985 1390 2070; x_wconf 79' lang='lat' dir='ltr'><strong>baptismus</strong></span> <span class='ocrx_word' id='word_1_126' title='bbox 1406 1985 1438 2044; x_wconf 88' lang='lat' dir='ltr'><strong>in</strong></span> 
     </span>
     <span class='ocr_line' id='line_1_16' title="bbox 312 2087 1440 2176; baseline 0.003 -29"><span class='ocrx_word' id='word_1_127' title='bbox 312 2088 374 2166; x_wconf 81' lang='lat' dir='ltr'><strong>eis,</strong></span> <span class='ocrx_word' id='word_1_128' title='bbox 391 2087 436 2148; x_wconf 86' lang='lat' dir='ltr'><strong>ita</strong></span> <span class='ocrx_word' id='word_1_129' title='bbox 455 2087 614 2150; x_wconf 84' lang='lat' dir='ltr'><strong>ordinatio</strong></span> <span class='ocrx_word' id='word_1_130' title='bbox 633 2092 751 2152; x_wconf 86' lang='lat' dir='ltr'><strong>mansit</strong></span> <span class='ocrx_word' id='word_1_131' title='bbox 771 2092 911 2176; x_wconf 74' lang='lat' dir='ltr'><strong>intepra,</strong></span> <span class='ocrx_word' id='word_1_132' title='bbox 932 2094 1006 2174; x_wconf 88' lang='lat' dir='ltr'><strong>quia</strong></span> <span class='ocrx_word' id='word_1_133' title='bbox 1023 2093 1054 2152; x_wconf 89' lang='lat' dir='ltr'><strong>in</strong></span> <span class='ocrx_word' id='word_1_134' title='bbox 1072 2093 1254 2174; x_wconf 77' lang='lat' dir='ltr'><strong>praecisione</strong></span> <span class='ocrx_word' id='word_1_135' title='bbox 1274 2093 1376 2152; x_wconf 86' lang='lat' dir='ltr'><strong>luerat</strong></span> <span class='ocrx_word' id='word_1_136' title='bbox 1394 2092 1440 2150; x_wconf 90' lang='lat' dir='ltr'><strong>vi-</strong></span> 
     </span>
     <span class='ocr_line' id='line_1_17' title="bbox 314 2192 1437 2278; baseline 0.005 -28"><span class='ocrx_word' id='word_1_137' title='bbox 314 2193 407 2264; x_wconf 85' lang='lat' dir='ltr'><strong>tium,</strong></span> <span class='ocrx_word' id='word_1_138' title='bbox 431 2192 516 2274; x_wconf 90' lang='lat' dir='ltr'><strong>quod</strong></span> <span class='ocrx_word' id='word_1_139' title='bbox 538 2195 667 2256; x_wconf 89' lang='lat' dir='ltr'><strong>unitatis</strong></span> <span class='ocrx_word' id='word_1_140' title='bbox 690 2218 767 2278; x_wconf 88' lang='lat' dir='ltr'><strong>pace</strong></span> <span class='ocrx_word' id='word_1_141' title='bbox 789 2205 964 2258; x_wconf 81' lang='lat' dir='ltr'><strong>correctum</strong></span> <span class='ocrx_word' id='word_1_142' title='bbox 986 2205 1048 2272; x_wconf 88' lang='lat' dir='ltr'><strong>est,</strong></span> <span class='ocrx_word' id='word_1_143' title='bbox 1075 2219 1137 2259; x_wconf 86' lang='lat' dir='ltr'><strong>non</strong></span> <span class='ocrx_word' id='word_1_144' title='bbox 1163 2197 1196 2258; x_wconf 85' lang='lat' dir='ltr'><strong>in</strong></span> <span class='ocrx_word' id='word_1_145' title='bbox 1220 2197 1437 2270; x_wconf 81' lang='lat' dir='ltr'><strong>sacramentis,</strong></span> 
     </span>
     <span class='ocr_line' id='line_1_18' title="bbox 312 2295 1439 2384; baseline 0.004 -29"><span class='ocrx_word' id='word_1_146' title='bbox 312 2317 398 2380; x_wconf 74' lang='lat' dir='ltr'><strong>pun,</strong></span> <span class='ocrx_word' id='word_1_147' title='bbox 418 2295 609 2382; x_wconf 82' lang='lat' dir='ltr'><strong>ubicumque</strong></span> <span class='ocrx_word' id='word_1_148' title='bbox 627 2309 716 2380; x_wconf 85' lang='lat' dir='ltr'><strong>sunt,</strong></span> <span class='ocrx_word' id='word_1_149' title='bbox 739 2301 808 2384; x_wconf 83' lang='lat' dir='ltr'><strong>ipse</strong></span> <span class='ocrx_word' id='word_1_150' title='bbox 827 2308 911 2364; x_wconf 82' lang='lat' dir='ltr'><strong>sunt.</strong></span> <span class='ocrx_word' id='word_1_151' title='bbox 935 2303 974 2362; x_wconf 87' lang='lat' dir='ltr'><strong>Et</strong></span> <span class='ocrx_word' id='word_1_152' title='bbox 993 2323 1064 2364; x_wconf 91' lang='lat' dir='ltr'><strong>cum</strong></span> <span class='ocrx_word' id='word_1_153' title='bbox 1084 2303 1144 2363; x_wconf 90' lang='lat' dir='ltr'><strong>hoc</strong></span> <span class='ocrx_word' id='word_1_154' title='bbox 1160 2303 1307 2384; x_wconf 85' lang='lat' dir='ltr'><strong>expedire</strong></span> <span class='ocrx_word' id='word_1_155' title='bbox 1319 2301 1439 2384; x_wconf 90' lang='lat' dir='ltr'><strong>judica-</strong></span> 
     </span>
     <span class='ocr_line' id='line_1_19' title="bbox 313 2403 1440 2488; baseline 0.004 -27"><span class='ocrx_word' id='word_1_156' title='bbox 313 2411 364 2462; x_wconf 86' lang='lat' dir='ltr'><strong>tur</strong></span> <span class='ocrx_word' id='word_1_157' title='bbox 379 2403 541 2480; x_wconf 72' lang='lat' dir='ltr'><strong>Ecclesiae,</strong></span> <span class='ocrx_word' id='word_1_158' title='bbox 559 2412 595 2465; x_wconf 93' lang='lat' dir='ltr'><strong>ut</strong></span> <span class='ocrx_word' id='word_1_159' title='bbox 612 2407 774 2488; x_wconf 76' lang='lat' dir='ltr'><strong>praepositi</strong></span> <span class='ocrx_word' id='word_1_160' title='bbox 789 2428 897 2468; x_wconf 87' lang='lat' dir='ltr'><strong>eorum</strong></span> <span class='ocrx_word' id='word_1_161' title='bbox 912 2409 1074 2468; x_wconf 83' lang='lat' dir='ltr'><strong>venientes</strong></span> <span class='ocrx_word' id='word_1_162' title='bbox 1087 2408 1127 2469; x_wconf 90' lang='lat' dir='ltr'><strong>ad</strong></span> <span class='ocrx_word' id='word_1_163' title='bbox 1143 2408 1329 2470; x_wconf 87' lang='lat' dir='ltr'><strong>catholicam</strong></span> <span class='ocrx_word' id='word_1_164' title='bbox 1345 2407 1440 2467; x_wconf 90' lang='lat' dir='ltr'><strong>socie-</strong></span> 
     </span>
     <span class='ocr_line' id='line_1_20' title="bbox 312 2508 1439 2595; baseline 0.004 -28"><span class='ocrx_word' id='word_1_165' title='bbox 312 2515 407 2568; x_wconf 86' lang='lat' dir='ltr'><strong>tatem</strong></span> <span class='ocrx_word' id='word_1_166' title='bbox 420 2508 555 2570; x_wconf 83' lang='lat' dir='ltr'><strong>honores</strong></span> <span class='ocrx_word' id='word_1_167' title='bbox 568 2531 640 2572; x_wconf 92' lang='lat' dir='ltr'><strong>suos</strong></span> <span class='ocrx_word' id='word_1_168' title='bbox 651 2511 694 2572; x_wconf 91' lang='lat' dir='ltr'><strong>ibi</strong></span> <span class='ocrx_word' id='word_1_169' title='bbox 709 2533 770 2572; x_wconf 93' lang='lat' dir='ltr'><strong>non</strong></span> <span class='ocrx_word' id='word_1_170' title='bbox 782 2513 1016 2588; x_wconf 86' lang='lat' dir='ltr'><strong>administrent,</strong></span> <span class='ocrx_word' id='word_1_171' title='bbox 1029 2535 1091 2574; x_wconf 86' lang='lat' dir='ltr'><strong>non</strong></span> <span class='ocrx_word' id='word_1_172' title='bbox 1101 2513 1146 2574; x_wconf 88' lang='lat' dir='ltr'><strong>eis</strong></span> <span class='ocrx_word' id='word_1_173' title='bbox 1159 2520 1262 2574; x_wconf 83' lang='lat' dir='ltr'><strong>tamen</strong></span> <span class='ocrx_word' id='word_1_174' title='bbox 1274 2512 1342 2595; x_wconf 82' lang='lat' dir='ltr'><strong>ipsa</strong></span> <span class='ocrx_word' id='word_1_175' title='bbox 1355 2510 1439 2572; x_wconf 81' lang='lat' dir='ltr'><strong>ordi-</strong></span> 
     </span>
     <span class='ocr_line' id='line_1_21' title="bbox 312 2612 1439 2701; baseline 0.004 -29"><span class='ocrx_word' id='word_1_176' title='bbox 312 2612 450 2674; x_wconf 83' lang='lat' dir='ltr'><strong>nationis</strong></span> <span class='ocrx_word' id='word_1_177' title='bbox 465 2623 662 2678; x_wconf 83' lang='lat' dir='ltr'><strong>sacramenta</strong></span> <span class='ocrx_word' id='word_1_178' title='bbox 675 2616 899 2696; x_wconf 81' lang='lat' dir='ltr'><strong>detrahuntur,</strong></span> <span class='ocrx_word' id='word_1_179' title='bbox 913 2617 969 2678; x_wconf 87' lang='lat' dir='ltr'><strong>sed</strong></span> <span class='ocrx_word' id='word_1_180' title='bbox 982 2626 1110 2680; x_wconf 85' lang='lat' dir='ltr'><strong>manent</strong></span> <span class='ocrx_word' id='word_1_181' title='bbox 1121 2639 1217 2701; x_wconf 81' lang='lat' dir='ltr'><strong>super</strong></span> <span class='ocrx_word' id='word_1_182' title='bbox 1229 2639 1290 2679; x_wconf 86' lang='lat' dir='ltr'><strong>eos.</strong></span> <span class='ocrx_word' id='word_1_183' title='bbox 1302 2618 1439 2698; x_wconf 81' lang='lat' dir='ltr'><strong>Ideoque</strong></span> 
     </span>
     <span class='ocr_line' id='line_1_22' title="bbox 313 2719 1438 2804; baseline 0.004 -28"><span class='ocrx_word' id='word_1_184' title='bbox 313 2737 375 2778; x_wconf 92' lang='lat' dir='ltr'><strong>non</strong></span> <span class='ocrx_word' id='word_1_185' title='bbox 395 2719 439 2778; x_wconf 87' lang='lat' dir='ltr'><strong>eis</strong></span> <span class='ocrx_word' id='word_1_186' title='bbox 460 2720 491 2778; x_wconf 92' lang='lat' dir='ltr'><strong>in</strong></span> <span class='ocrx_word' id='word_1_187' title='bbox 512 2720 630 2801; x_wconf 92' lang='lat' dir='ltr'><strong>populo</strong></span> <span class='ocrx_word' id='word_1_188' title='bbox 649 2743 760 2783; x_wconf 92' lang='lat' dir='ltr'><strong>manus</strong></span> <span class='ocrx_word' id='word_1_189' title='bbox 779 2723 962 2804; x_wconf 74' lang='lat' dir='ltr'><strong>imponitur,</strong></span> <span class='ocrx_word' id='word_1_190' title='bbox 984 2745 1038 2798; x_wconf 91' lang='lat' dir='ltr'><strong>ne,</strong></span> <span class='ocrx_word' id='word_1_191' title='bbox 1061 2745 1124 2784; x_wconf 90' lang='lat' dir='ltr'><strong>non</strong></span> <span class='ocrx_word' id='word_1_192' title='bbox 1144 2723 1279 2798; x_wconf 86' lang='lat' dir='ltr'><strong>homini,</strong></span> <span class='ocrx_word' id='word_1_193' title='bbox 1304 2721 1358 2782; x_wconf 88' lang='lat' dir='ltr'><strong>sod</strong></span> <span class='ocrx_word' id='word_1_194' title='bbox 1378 2722 1438 2802; x_wconf 94' lang='lat' dir='ltr'><strong>ipsi</strong></span> 
     </span>
     <span class='ocr_line' id='line_1_23' title="bbox 312 2826 1438 2910; baseline 0.005 -29"><span class='ocrx_word' id='word_1_195' title='bbox 312 2831 506 2884; x_wconf 82' lang='lat' dir='ltr'><strong>sacramento</strong></span> <span class='ocrx_word' id='word_1_196' title='bbox 526 2826 581 2886; x_wconf 86' lang='lat' dir='ltr'><strong>fiat</strong></span> <span class='ocrx_word' id='word_1_197' title='bbox 599 2826 746 2908; x_wconf 81' lang='lat' dir='ltr'><strong>injusia²‚</strong></span> <span class='ocrx_word' id='word_1_198' title='bbox 766 2853 780 2882; x_wconf 87' lang='lat'>»</span> <span class='ocrx_word' id='word_1_199' title='bbox 796 2863 836 2872; x_wconf 92' lang='lat'><em>-</em></span> <span class='ocrx_word' id='word_1_200' title='bbox 852 2828 905 2902; x_wconf 89' lang='lat' dir='ltr'><strong>Et,</strong></span> <span class='ocrx_word' id='word_1_201' title='bbox 927 2829 1022 2910; x_wconf 87' lang='lat' dir='ltr'><strong>paulo</strong></span> <span class='ocrx_word' id='word_1_202' title='bbox 1041 2829 1137 2900; x_wconf 79' lang='lat' dir='ltr'><strong>intra,</strong></span> <span class='ocrx_word' id='word_1_203' title='bbox 1158 2850 1190 2889; x_wconf 90' lang='lat' dir='ltr'><strong>n.</strong></span> <span class='ocrx_word' id='word_1_204' title='bbox 1207 2831 1265 2888; x_wconf 83' lang='lat'><strong>30:</strong></span> <span class='ocrx_word' id='word_1_205' title='bbox 1286 2853 1299 2882; x_wconf 76' lang='grc' dir='ltr'>α</span> <span class='ocrx_word' id='word_1_206' title='bbox 1318 2827 1357 2888; x_wconf 87' lang='lat' dir='ltr'><strong>Et</strong></span> <span class='ocrx_word' id='word_1_207' title='bbox 1371 2827 1438 2902; x_wconf 81' lang='lat' dir='ltr'><strong>hasa</strong></span> 
     </span>
     <span class='ocr_line' id='line_1_24' title="bbox 312 2928 1439 3016; baseline 0.005 -30"><span class='ocrx_word' id='word_1_208' title='bbox 312 2928 438 3008; x_wconf 90' lang='lat' dir='ltr'><strong>quidem</strong></span> <span class='ocrx_word' id='word_1_209' title='bbox 458 2929 517 2990; x_wconf 90' lang='lat' dir='ltr'><strong>alia</strong></span> <span class='ocrx_word' id='word_1_210' title='bbox 537 2931 669 3012; x_wconf 67' lang='lat' dir='ltr'><strong>quaestio</strong></span> <span class='ocrx_word' id='word_1_211' title='bbox 689 2939 752 3007; x_wconf 90' lang='lat' dir='ltr'><strong>est,</strong></span> <span class='ocrx_word' id='word_1_212' title='bbox 769 2941 875 2993; x_wconf 86' lang='lat' dir='ltr'><strong>utrum</strong></span> <span class='ocrx_word' id='word_1_213' title='bbox 896 2941 928 2994; x_wconf 88' lang='lat' dir='ltr'><strong>et</strong></span> <span class='ocrx_word' id='word_1_214' title='bbox 946 2934 985 2994; x_wconf 89' lang='lat' dir='ltr'><strong>ab</strong></span> <span class='ocrx_word' id='word_1_215' title='bbox 1004 2934 1041 2994; x_wconf 90' lang='lat' dir='ltr'><strong>iis</strong></span> <span class='ocrx_word' id='word_1_216' title='bbox 1061 2935 1115 3016; x_wconf 91' lang='lat' dir='ltr'><strong>qui</strong></span> <span class='ocrx_word' id='word_1_217' title='bbox 1135 2954 1294 3016; x_wconf 90' lang='lat' dir='ltr'><strong>nunquam</strong></span> <span class='ocrx_word' id='word_1_218' title='bbox 1310 2933 1439 2993; x_wconf 82' lang='lat' dir='ltr'><strong>fuerunt</strong></span> 
     </span>
     <span class='ocr_line' id='line_1_25' title="bbox 310 3033 1437 3120; baseline 0.006 -30"><span class='ocrx_word' id='word_1_219' title='bbox 310 3033 488 3110; x_wconf 86' lang='lat' dir='ltr'><strong>christiani,</strong></span> <span class='ocrx_word' id='word_1_220' title='bbox 505 3035 604 3116; x_wconf 90' lang='lat' dir='ltr'><strong>possit</strong></span> <span class='ocrx_word' id='word_1_221' title='bbox 622 3035 797 3118; x_wconf 87' lang='lat' dir='ltr'><strong>baptismus</strong></span> <span class='ocrx_word' id='word_1_222' title='bbox 814 3037 899 3114; x_wconf 86' lang='lat' dir='ltr'><strong>dari;</strong></span> <span class='ocrx_word' id='word_1_223' title='bbox 918 3060 976 3100; x_wconf 89' lang='lat' dir='ltr'><strong>nec</strong></span> <span class='ocrx_word' id='word_1_224' title='bbox 996 3038 1113 3120; x_wconf 89' lang='lat' dir='ltr'><strong>aliquid</strong></span> <span class='ocrx_word' id='word_1_225' title='bbox 1132 3045 1250 3099; x_wconf 82' lang='lat' dir='ltr'><strong>temere</strong></span> <span class='ocrx_word' id='word_1_226' title='bbox 1265 3038 1337 3098; x_wconf 91' lang='lat' dir='ltr'><strong>inde</strong></span> <span class='ocrx_word' id='word_1_227' title='bbox 1351 3037 1437 3098; x_wconf 85' lang='lat' dir='ltr'><strong>affir-</strong></span> 
     </span>
     <span class='ocr_line' id='line_1_26' title="bbox 311 3137 1436 3228; baseline 0.005 -33"><span class='ocrx_word' id='word_1_228' title='bbox 311 3137 459 3198; x_wconf 88' lang='lat' dir='ltr'><strong>mandum</strong></span> <span class='ocrx_word' id='word_1_229' title='bbox 480 3147 541 3214; x_wconf 87' lang='lat' dir='ltr'><strong>est,</strong></span> <span class='ocrx_word' id='word_1_230' title='bbox 558 3141 624 3201; x_wconf 89' lang='lat' dir='ltr'><strong>sine</strong></span> <span class='ocrx_word' id='word_1_231' title='bbox 643 3143 829 3203; x_wconf 84' lang='lat' dir='ltr'><strong>auctoritate</strong></span> <span class='ocrx_word' id='word_1_232' title='bbox 849 3145 929 3204; x_wconf 86' lang='lat' dir='ltr'><strong>tanti</strong></span> <span class='ocrx_word' id='word_1_233' title='bbox 949 3144 1089 3219; x_wconf 89' lang='lat' dir='ltr'><strong>concilii,</strong></span> <span class='ocrx_word' id='word_1_234' title='bbox 1106 3151 1258 3228; x_wconf 87' lang='lat' dir='ltr'><strong>quantum</strong></span> <span class='ocrx_word' id='word_1_235' title='bbox 1278 3150 1373 3204; x_wconf 71' lang='lat' dir='ltr'><strong>tantas</strong></span> <span class='ocrx_word' id='word_1_236' title='bbox 1392 3143 1436 3202; x_wconf 86' lang='lat' dir='ltr'><strong>rei</strong></span> 
     </span>
     <span class='ocr_line' id='line_1_27' title="bbox 311 3243 1435 3331; baseline 0.008 -32"><span class='ocrx_word' id='word_1_237' title='bbox 311 3243 433 3304; x_wconf 83' lang='lat' dir='ltr'><strong>sufficit.</strong></span> <span class='ocrx_word' id='word_1_238' title='bbox 452 3245 499 3305; x_wconf 90' lang='lat' dir='ltr'><strong>De</strong></span> <span class='ocrx_word' id='word_1_239' title='bbox 519 3245 557 3304; x_wconf 89' lang='lat' dir='ltr'><strong>iis</strong></span> <span class='ocrx_word' id='word_1_240' title='bbox 571 3267 646 3306; x_wconf 86' lang='lat' dir='ltr'><strong>vero</strong></span> <span class='ocrx_word' id='word_1_241' title='bbox 661 3248 715 3328; x_wconf 90' lang='lat' dir='ltr'><strong>qui</strong></span> <span class='ocrx_word' id='word_1_242' title='bbox 735 3248 773 3308; x_wconf 91' lang='lat' dir='ltr'><strong>ab</strong></span> <span class='ocrx_word' id='word_1_243' title='bbox 789 3248 936 3310; x_wconf 73' lang='lat' dir='ltr'><strong>Ecclesiae</strong></span> <span class='ocrx_word' id='word_1_244' title='bbox 956 3249 1075 3310; x_wconf 88' lang='lat' dir='ltr'><strong>unitate</strong></span> <span class='ocrx_word' id='word_1_245' title='bbox 1091 3250 1225 3331; x_wconf 83' lang='lat' dir='ltr'><strong>separati</strong></span> <span class='ocrx_word' id='word_1_246' title='bbox 1246 3257 1334 3326; x_wconf 81' lang='lat' dir='ltr'><strong>sunt,</strong></span> <span class='ocrx_word' id='word_1_247' title='bbox 1351 3248 1435 3309; x_wconf 91' lang='lat' dir='ltr'><strong>nulla</strong></span> 
     </span>
     <span class='ocr_line' id='line_1_28' title="bbox 306 3346 1435 3436; baseline 0.008 -31"><span class='ocrx_word' id='word_1_248' title='bbox 306 3346 371 3426; x_wconf 89' lang='lat' dir='ltr'><strong>jam</strong></span> <span class='ocrx_word' id='word_1_249' title='bbox 383 3351 515 3428; x_wconf 70' lang='lat' dir='ltr'><strong>quaestio</strong></span> <span class='ocrx_word' id='word_1_250' title='bbox 531 3357 592 3425; x_wconf 88' lang='lat' dir='ltr'><strong>est,</strong></span> <span class='ocrx_word' id='word_1_251' title='bbox 608 3351 682 3432; x_wconf 92' lang='lat' dir='ltr'><strong>quin</strong></span> <span class='ocrx_word' id='word_1_252' title='bbox 697 3359 728 3412; x_wconf 90' lang='lat' dir='ltr'><strong>et</strong></span> <span class='ocrx_word' id='word_1_253' title='bbox 737 3352 874 3414; x_wconf 90' lang='lat' dir='ltr'><strong>habeant</strong></span> <span class='ocrx_word' id='word_1_254' title='bbox 887 3362 919 3414; x_wconf 90' lang='lat' dir='ltr'><strong>et</strong></span> <span class='ocrx_word' id='word_1_255' title='bbox 931 3353 1004 3415; x_wconf 83' lang='lat' dir='ltr'><strong>darc</strong></span> <span class='ocrx_word' id='word_1_256' title='bbox 1019 3354 1178 3436; x_wconf 89' lang='lat' dir='ltr'><strong>possint...</strong></span> <span class='ocrx_word' id='word_1_257' title='bbox 1192 3355 1261 3415; x_wconf 93' lang='lat' dir='ltr'><strong>Hoc</strong></span> <span class='ocrx_word' id='word_1_258' title='bbox 1276 3355 1358 3414; x_wconf 86' lang='lat' dir='ltr'><strong>enim</strong></span> <span class='ocrx_word' id='word_1_259' title='bbox 1370 3355 1435 3435; x_wconf 86' lang='lat' dir='ltr'><strong>jam</strong></span> 
     </span>
     <span class='ocr_line' id='line_1_29' title="bbox 309 3451 1434 3541; baseline 0.009 -31"><span class='ocrx_word' id='word_1_260' title='bbox 309 3451 341 3509; x_wconf 91' lang='lat' dir='ltr'><strong>in</strong></span> <span class='ocrx_word' id='word_1_261' title='bbox 359 3452 425 3533; x_wconf 90' lang='lat' dir='ltr'><strong>ipsa</strong></span> <span class='ocrx_word' id='word_1_262' title='bbox 442 3455 538 3514; x_wconf 88' lang='lat' dir='ltr'><strong>totius</strong></span> <span class='ocrx_word' id='word_1_263' title='bbox 553 3455 637 3516; x_wconf 86' lang='lat' dir='ltr'><strong>orbis</strong></span> <span class='ocrx_word' id='word_1_264' title='bbox 653 3457 773 3518; x_wconf 88' lang='lat' dir='ltr'><strong>unitate</strong></span> <span class='ocrx_word' id='word_1_265' title='bbox 788 3458 980 3534; x_wconf 82' lang='lat' dir='ltr'><strong>discussum,</strong></span> <span class='ocrx_word' id='word_1_266' title='bbox 997 3459 1245 3534; x_wconf 84' lang='lat' dir='ltr'><strong>consideratum,</strong></span> <span class='ocrx_word' id='word_1_267' title='bbox 1262 3459 1434 3541; x_wconf 82' lang='lat' dir='ltr'><strong>perfectum</strong></span> 
     </span>
     <span class='ocr_line' id='line_1_30' title="bbox 223 3559 1435 3648; baseline 0.01 -34"><span class='ocrx_word' id='word_1_268' title='bbox 223 3577 231 3588; x_wconf 94' lang='lat'><em>·</em></span> <span class='ocrx_word' id='word_1_269' title='bbox 309 3563 402 3637; x_wconf 87' lang='lat' dir='ltr'><strong>atquo</strong></span> <span class='ocrx_word' id='word_1_270' title='bbox 418 3559 574 3620; x_wconf 87' lang='lat' dir='ltr'><strong>firmatum</strong></span> <span class='ocrx_word' id='word_1_271' title='bbox 590 3569 647 3622; x_wconf 88' lang='lat' dir='ltr'><strong>est.</strong></span> <span class='ocrx_word' id='word_1_272' title='bbox 666 3562 725 3622; x_wconf 90' lang='lat' dir='ltr'><strong>Sed</strong></span> <span class='ocrx_word' id='word_1_273' title='bbox 742 3563 767 3622; x_wconf 93' lang='lat' dir='ltr'><strong>si</strong></span> <span class='ocrx_word' id='word_1_274' title='bbox 783 3585 840 3624; x_wconf 89' lang='lat' dir='ltr'><strong>nos</strong></span> <span class='ocrx_word' id='word_1_275' title='bbox 855 3565 935 3625; x_wconf 92' lang='lat' dir='ltr'><strong>male</strong></span> <span class='ocrx_word' id='word_1_276' title='bbox 951 3563 1099 3638; x_wconf 72' lang='lat' dir='ltr'><strong>tacimus,⁸</strong></span> <span class='ocrx_word' id='word_1_277' title='bbox 1114 3565 1173 3646; x_wconf 90' lang='lat' dir='ltr'><strong>ipsi</strong></span> <span class='ocrx_word' id='word_1_278' title='bbox 1188 3565 1346 3646; x_wconf 86' lang='lat' dir='ltr'><strong>explicent</strong></span> <span class='ocrx_word' id='word_1_279' title='bbox 1359 3587 1435 3648; x_wconf 87' lang='lat' dir='ltr'><strong>quo-</strong></span> 
     </span>
     <span class='ocr_line' id='line_1_31' title="bbox 310 3661 1434 3751; baseline 0.009 -31"><span class='ocrx_word' id='word_1_280' title='bbox 310 3661 401 3722; x_wconf 91' lang='lat' dir='ltr'><strong>modo</strong></span> <span class='ocrx_word' id='word_1_281' title='bbox 415 3672 647 3726; x_wconf 81' lang='lat' dir='ltr'><strong>sacramentum</strong></span> <span class='ocrx_word' id='word_1_282' title='bbox 660 3665 820 3749; x_wconf 76' lang='lat' dir='ltr'><strong>baptizati</strong></span> <span class='ocrx_word' id='word_1_283' title='bbox 833 3690 895 3730; x_wconf 86' lang='lat' dir='ltr'><strong>non</strong></span> <span class='ocrx_word' id='word_1_284' title='bbox 904 3669 1009 3751; x_wconf 86' lang='lat' dir='ltr'><strong>possit</strong></span> <span class='ocrx_word' id='word_1_285' title='bbox 1022 3669 1142 3748; x_wconf 82' lang='lat' dir='ltr'><strong>amitti,</strong></span> <span class='ocrx_word' id='word_1_286' title='bbox 1157 3677 1187 3730; x_wconf 86' lang='lat' dir='ltr'><strong>et</strong></span> <span class='ocrx_word' id='word_1_287' title='bbox 1202 3679 1434 3732; x_wconf 82' lang='lat' dir='ltr'><strong>sacramentum</strong></span> 
     </span>
     <span class='ocr_line' id='line_1_32' title="bbox 307 3765 1431 3858; baseline 0.01 -34"><span class='ocrx_word' id='word_1_288' title='bbox 307 3765 453 3829; x_wconf 83' lang='lat' dir='ltr'><strong>ordinati</strong></span> <span class='ocrx_word' id='word_1_289' title='bbox 466 3769 569 3850; x_wconf 84' lang='lat' dir='ltr'><strong>possit</strong></span> <span class='ocrx_word' id='word_1_290' title='bbox 588 3769 731 3833; x_wconf 81' lang='lat' dir='ltr'><strong>amitti...</strong></span> <span class='ocrx_word' id='word_1_291' title='bbox 755 3773 792 3835; x_wconf 90' lang='lat' dir='ltr'><strong>Si</strong></span> <span class='ocrx_word' id='word_1_292' title='bbox 813 3773 898 3833; x_wconf 87' lang='lat' dir='ltr'><strong>enim</strong></span> <span class='ocrx_word' id='word_1_293' title='bbox 922 3781 1091 3858; x_wconf 84' lang='lat' dir='ltr'><strong>utrumque</strong></span> <span class='ocrx_word' id='word_1_294' title='bbox 1114 3782 1348 3836; x_wconf 83' lang='lat' dir='ltr'><strong>sacramentum</strong></span> <span class='ocrx_word' id='word_1_295' title='bbox 1371 3783 1431 3849; x_wconf 88' lang='lat' dir='ltr'><strong>est,</strong></span> 
     </span>
     <span class='ocr_line' id='line_1_33' title="bbox 308 3869 1434 3958; baseline 0.008 -28"><span class='ocrx_word' id='word_1_296' title='bbox 308 3869 394 3954; x_wconf 81' lang='lat' dir='ltr'><strong>quod</strong></span> <span class='ocrx_word' id='word_1_297' title='bbox 409 3893 498 3933; x_wconf 87' lang='lat' dir='ltr'><strong>nemo</strong></span> <span class='ocrx_word' id='word_1_298' title='bbox 514 3872 655 3954; x_wconf 80' lang='lat' dir='ltr'><strong>dubitat,</strong></span> <span class='ocrx_word' id='word_1_299' title='bbox 673 3897 731 3936; x_wconf 82' lang='lat' dir='ltr'><strong>cur</strong></span> <span class='ocrx_word' id='word_1_300' title='bbox 746 3875 831 3938; x_wconf 87' lang='lat' dir='ltr'><strong>illud</strong></span> <span class='ocrx_word' id='word_1_301' title='bbox 846 3899 907 3938; x_wconf 87' lang='lat' dir='ltr'><strong>non</strong></span> <span class='ocrx_word' id='word_1_302' title='bbox 924 3878 1096 3958; x_wconf 82' lang='lat' dir='ltr'><strong>amittitur,</strong></span> <span class='ocrx_word' id='word_1_303' title='bbox 1110 3887 1140 3940; x_wconf 89' lang='lat' dir='ltr'><strong>et</strong></span> <span class='ocrx_word' id='word_1_304' title='bbox 1155 3877 1240 3940; x_wconf 84' lang='lat' dir='ltr'><strong>illud</strong></span> <span class='ocrx_word' id='word_1_305' title='bbox 1252 3879 1434 3941; x_wconf 81' lang='lat' dir='ltr'><strong>amittitur?</strong></span> 
     </span>
     <span class='ocr_line' id='line_1_34' title="bbox 308 3975 1104 4063; baseline 0.006 -27"><span class='ocrx_word' id='word_1_306' title='bbox 308 3975 427 4036; x_wconf 84' lang='lat' dir='ltr'><strong>Neutri</strong></span> <span class='ocrx_word' id='word_1_307' title='bbox 438 3987 635 4040; x_wconf 82' lang='lat' dir='ltr'><strong>sacramento</strong></span> <span class='ocrx_word' id='word_1_308' title='bbox 652 3979 774 4062; x_wconf 80' lang='lat' dir='ltr'><strong>injurie</strong></span> <span class='ocrx_word' id='word_1_309' title='bbox 787 3981 936 4063; x_wconf 80' lang='lat' dir='ltr'><strong>facienda</strong></span> <span class='ocrx_word' id='word_1_310' title='bbox 951 3989 1033 4045; x_wconf 87' lang='lat' dir='ltr'><strong>est...</strong></span> <span class='ocrx_word' id='word_1_311' title='bbox 1047 3983 1070 4046; x_wconf 83' lang='lat'><strong>³.</strong></span> <span class='ocrx_word' id='word_1_312' title='bbox 1090 4010 1104 4041; x_wconf 77' lang='lat' dir='ltr'><strong>s</strong></span> 
     </span>
    </p>

    <p class='ocr_par' dir='ltr' id='par_1_5' title="bbox 340 4123 973 4191">
     <span class='ocr_line' id='line_1_35' title="bbox 340 4123 973 4191; baseline 0.009 -20"><span class='ocrx_word' id='word_1_313' title='bbox 340 4123 349 4156; x_wconf 88' lang='lat'>¹</span> <span class='ocrx_word' id='word_1_314' title='bbox 367 4124 471 4187; x_wconf 78' lang='lat' dir='ltr'><strong>hligne,</strong></span> <span class='ocrx_word' id='word_1_315' title='bbox 485 4125 514 4174; x_wconf 89' lang='lat' dir='ltr'><strong>P.</strong></span> <span class='ocrx_word' id='word_1_316' title='bbox 529 4127 568 4186; x_wconf 88' lang='lat' dir='ltr'><strong>L.,</strong></span> <span class='ocrx_word' id='word_1_317' title='bbox 582 4129 601 4176; x_wconf 90' lang='lat' dir='ltr'><strong>t.</strong></span> <span class='ocrx_word' id='word_1_318' title='bbox 616 4142 693 4188; x_wconf 77' lang='lat' dir='ltr'><strong>xxui,</strong></span> <span class='ocrx_word' id='word_1_319' title='bbox 710 4127 761 4176; x_wconf 91' lang='lat' dir='ltr'><strong>col.</strong></span> <span class='ocrx_word' id='word_1_320' title='bbox 779 4133 831 4188; x_wconf 91' lang='grc'><strong>166,</strong></span> <span class='ocrx_word' id='word_1_321' title='bbox 849 4133 903 4191; x_wconf 84' lang='grc'><strong>166,</strong></span> <span class='ocrx_word' id='word_1_322' title='bbox 919 4133 973 4178; x_wconf 84' lang='grc'><strong>161.</strong></span> 
     </span>
    </p>
   </div>
   <div class='ocr_carea' id='block_1_3' title="bbox 338 4201 872 4340">
    <p class='ocr_par' dir='ltr' id='par_1_6' title="bbox 338 4201 872 4340">
     <span class='ocr_line' id='line_1_36' title="bbox 338 4201 872 4278; baseline 0.011 -29"><span class='ocrx_word' id='word_1_323' title='bbox 338 4201 350 4236; x_wconf 86' lang='lat'>²</span> <span class='ocrx_word' id='word_1_324' title='bbox 366 4203 469 4278; x_wconf 72' lang='lat' dir='ltr'><strong>Migno,</strong></span> <span class='ocrx_word' id='word_1_325' title='bbox 484 4203 513 4252; x_wconf 88' lang='lat' dir='ltr'><strong>P.</strong></span> <span class='ocrx_word' id='word_1_326' title='bbox 529 4205 568 4262; x_wconf 87' lang='lat' dir='ltr'><strong>L.,</strong></span> <span class='ocrx_word' id='word_1_327' title='bbox 583 4209 602 4254; x_wconf 93' lang='lat' dir='ltr'><strong>t.</strong></span> <span class='ocrx_word' id='word_1_328' title='bbox 619 4221 693 4264; x_wconf 79' lang='lat' dir='ltr'><strong>sain,</strong></span> <span class='ocrx_word' id='word_1_329' title='bbox 710 4205 761 4254; x_wconf 92' lang='lat' dir='ltr'><strong>col.</strong></span> <span class='ocrx_word' id='word_1_330' title='bbox 778 4211 872 4255; x_wconf 79' lang='lat'><strong>70-71.</strong></span> 
     </span>
     <span class='ocr_line' id='line_1_37' title="bbox 339 4279 633 4340; baseline 0.014 -12"><span class='ocrx_word' id='word_1_331' title='bbox 339 4281 350 4314; x_wconf 80' lang='lat'><strong>³</strong></span> <span class='ocrx_word' id='word_1_332' title='bbox 367 4279 447 4340; x_wconf 76' lang='lat' dir='ltr'><strong>Isiu,</strong></span> <span class='ocrx_word' id='word_1_333' title='bbox 461 4282 512 4330; x_wconf 91' lang='lat' dir='ltr'><strong>col.</strong></span> <span class='ocrx_word' id='word_1_334' title='bbox 527 4288 566 4332; x_wconf 79' lang='lat'><strong>72.</strong></span> <span class='ocrx_word' id='word_1_335' title='bbox 630 4292 633 4304; x_wconf 83' lang='lat'>¹</span> 
     </span>
    </p>
   </div>
   <div class='ocr_carea' id='block_1_4' title="bbox 0 0 1640 5050">
    <p class='ocr_par' dir='ltr' id='par_1_7' title="bbox 0 0 1640 5050">
     <span class='ocr_line' id='line_1_38' title="bbox 0 0 1640 5050; baseline 0 2"><span class='ocrx_word' id='word_1_336' title='bbox 0 0 1640 5050; x_wconf 95' lang='lat' dir='ltr'><strong> </strong></span> 
     </span>
    </p>
   </div>
  </div>
 </body>
</html>
