3294 5054
524 429 567 478 DE
586 427 813 478 ORDINATIONE
832 427 1049 478 REGUtnmun
1297 422 1348 473 389

223 580 304 637 tunc
324 572 477 660 superior
496 577 626 658 potest,
650 577 687 636 ut
701 571 752 636 ‘ita
767 571 890 650 dicam,
912 571 1081 635 dimittere
1102 570 1145 634 ad
1165 592 1200 634 se
1220 569 1346 655 ipsum,

223 692 257 750 et
277 686 325 750 sic
344 707 505 773 peragere
525 685 786 750 ordinationem.

268 800 301 866 2.
319 800 383 864 Vel
403 822 502 864 casus
523 806 586 880 est,
607 800 640 864 in
663 822 746 887 quo,
764 799 863 886 juxta
888 800 1061 864 decretum
1081 797 1344 877 Clementiam,

222 920 379 980 teneatur
407 914 577 980 dimittere
606 913 780 979 subditum
806 913 849 978 ad
876 915 1072 1002 episcopum
1098 913 1345 990 dioecesanum;

223 1036 304 1094 tunc
319 1029 438 1116 nequit
453 1028 526 1116 ipse
546 1028 701 1093 ordinare
722 1027 907 1092 subditum.
926 1028 1027 1093 Ratio
1047 1035 1100 1093 est
1118 1027 1197 1114 quia
1217 1025 1347 1113 episco-

223 1167 287 1232 pus
306 1143 531 1224 dioecesanus,
550 1143 591 1208 ab
606 1144 691 1232 ipsis
706 1143 811 1207 initiis
827 1150 936 1208 status
952 1141 1113 1230 religiosi,
1131 1148 1169 1206 ut
1184 1141 1345 1220 diximus,

219 1257 276 1344 jus
304 1247 422 1340 habet,
454 1257 641 1323 multorum
670 1257 872 1322 saeculorum
904 1257 1141 1323 observatione
1172 1255 1344 1334 innixum,

223 1378 257 1436 et
277 1372 425 1460 plurium
449 1373 649 1459 pontificum
672 1371 728 1436 vel
753 1371 975 1436 conciliorum
1003 1371 1204 1436 auctoritate
1224 1369 1348 1434 contir-

222 1493 370 1566 matum,
393 1485 572 1551 ordinandi
591 1486 778 1572 Regulares
798 1485 832 1549 in
858 1485 1072 1551 monasteriis
1098 1507 1167 1550 suae
1192 1483 1347 1548 dioecesis

222 1599 402 1687 degentes,
430 1600 473 1665 ad
491 1600 790 1688 praesentationem
814 1607 873 1664 aut
897 1599 1131 1664 dimissionem
1151 1597 1343 1686 superioris.
1401 1645 1404 1650 .

223 1713 329 1778 Porro
345 1714 494 1800 dignitas
513 1713 729 1802 episcopaliS,
742 1714 907 1802 superiori
923 1713 1068 1801 regulari
1088 1711 1344 1799 superveniens

222 1851 290 1892 non
320 1827 454 1893 videtur
484 1829 604 1893 tollere
636 1851 735 1916 posse
760 1828 818 1916 jus
847 1828 932 1892 illud
952 1827 1122 1894 Ordinarii
1151 1825 1343 1890 dioecesani.

222 1940 273 2006 Ita
298 1943 401 2007 etiam
425 1943 577 2008 sentiunt
608 1943 742 2024 Lucidi,
770 1943 922 2023 Piatus¹,
949 1951 1066 2008 contra
1089 1941 1343 2029 paucissimos².

221 2055 382 2121 —Unde
403 2057 556 2144 superior
576 2057 741 2144 regularis
766 2059 945 2145 episcopus
969 2080 1037 2120 non
1061 2062 1174 2143 potest
1193 2054 1346 2141 proprios

222 2169 377 2234 subditos
412 2170 583 2252 ordinare,
617 2171 682 2236 nisi
720 2194 796 2236 cum
830 2193 991 2258 expressa
1027 2169 1164 2234 licentia
1197 2168 1345 2256 episcopi

222 2284 414 2349 dioecesani.

267 2399 300 2462 4⁰
321 2399 410 2473 Quid
422 2400 531 2484 jurio,
552 2401 581 2463 si
596 2401 769 2484 episcopus
789 2400 992 2463 dioeceeanus
1011 2386 1344 2480 subditum'reputa-

222 2535 293 2576 rem
315 2515 378 2576 rite
398 2513 576 2578 dimissum
596 2515 755 2578 ordinare
776 2515 928 2577 rccuset?

266 2628 363 2713 Hesp.
381 2649 393 2692 .·
420 2625 496 2692 Νοιι
519 2633 632 2716 potest
659 2629 812 2715 superior
837 2627 1001 2712 regularis
1026 2627 1196 2691 dimittere
1228 2625 1344 2689 subdi-

199 2749 293 2805 tum
323 2763 422 2806 suum
446 2741 488 2805 ad
520 2764 767 2829 quemcumque
792 2742 1005 2830 episcopum;
1032 2741 1086 2805 hic
1111 2741 1202 2804 enim
1227 2763 1341 2820 casuS,

220 2855 347 2920 subditi
363 2854 406 2919 ab
426 2857 585 2944 episcopo
605 2856 798 2920 dioeccsano
819 2856 950 2943 rejecti,
973 2878 1040 2920 non
1061 2862 1113 2919 est
1133 2877 1175 2918 ex
1195 2852 1341 2932 casibus

219 2970 254 3033 in
283 2969 406 3057 quibus
430 2970 530 3035 liceat
558 2971 722 3057 superiori
751 2971 920 3034 dimittere
949 2969 1122 3034 subditum
1156 2969 1199 3034 ad
1227 2991 1344 3056 quem-

219 3107 362 3172 cumque
386 3083 598 3170 episcopum;
626 3085 684 3172 qui
707 3107 822 3164 casus,
846 3107 888 3148 ex
912 3083 1012 3148 dictis
1036 3105 1138 3170 supra
1164 3082 1215 3170 (n.
1242 3082 1341 3168 159,

220 3198 314 3280 161,
340 3197 409 3284 2⁰),
431 3219 499 3262 non
520 3205 600 3262 sunt
619 3199 685 3264 nisi
709 3207 788 3263 tres.
812 3200 944 3263 Revera
967 3197 1110 3261 nimium
1134 3203 1225 3261 esset
1245 3195 1342 3260 facile

218 3312 382 3398 superiori
409 3313 557 3398 regulari
586 3311 772 3377 subducere
801 3335 836 3376 se
864 3311 1058 3376 auctoritati
1084 3310 1234 3399 episcopi
1260 3309 1342 3374 dioe-

217 3427 341 3490 cesani.
365 3463 408 3474 -
428 3425 525 3492 Unde
545 3427 709 3514 superiori
725 3427 824 3490 datur
838 3433 970 3490 tantum
990 3447 1146 3490 recursus
1166 3424 1208 3489 ad
1228 3423 1261 3489 S.
1281 3423 1341 3489 Se-

217 3537 310 3618 dem,
333 3561 419 3627 quae,
441 3539 564 3604 litteris
584 3539 627 3604 ad
646 3540 842 3626 episcopum
861 3538 1065 3620 scribendis,
1087 3547 1215 3625 quaeret
1239 3537 1340 3601 abeo

216 3675 352 3716 causam
372 3653 606 3733 recusationis
629 3659 663 3716 ct
683 3653 804 3717 exinde
825 3652 1016 3740 providebit
1030 3653 1051 3717 ³.

248 3852 255 3879 ¹
275 3847 381 3905 Lucidi,
397 3847 614 3904 Decisitatione,
632 3853 696 3906 etc,
715 3863 738 3895 c.
757 3863 778 3906 ι,
797 3863 822 3895 ιι.
842 3853 884 3906 32,
904 3848 1010 3904 Romae,
1033 3852 1105 3906 1878,
1123 3852 1141 3896 t.
1163 3865 1183 3906 ι,
1205 3864 1230 3910 p.
1250 3852 1292 3906 5⁷3
1309 3873 1338 3882 —

215 3924 284 3983 Fiat,
300 3923 490 3974 Proelectiones
500 3925 577 3990 juris
593 3925 743 3990 reputaris,
760 3931 829 3988 part.
845 3925 877 3984 V,
893 3941 916 3974 c.
933 3941 960 3984 ιι,
976 3929 1026 3975 ert.
1043 3931 1065 3984 6,
1082 3941 1109 3988 q.
1124 3941 1150 3983 ιι,
1167 3930 1187 3975 t.
1202 3942 1228 3984 ιι,
1244 3941 1271 3988 p.
1283 3928 1337 3972 186.

246 4003 257 4036 ²
274 4003 394 4061 Pezzani,
412 4004 502 4053 Codes
519 4003 545 4054 S.
567 4003 706 4053 catholicae
723 4005 797 4054 Hom.
817 4004 956 4062 Ecclesiae,
975 4021 1034 4054 can.
1055 4011 1112 4064 228,
1135 4005 1241 4056 Romae.
1264 4008 1337 4062 1898,

214 4097 277 4146 pars
292 4083 388 4140 ultera,
405 4097 432 4144 p.
448 4087 506 4140 ·t³5;
523 4109 552 4119 -
568 4083 708 4146 Gasparri,
724 4084 762 4131 De
777 4083 962 4140 ordinatione,
979 4099 1005 4132 ιι.
1022 4089 1080 4142 918,
1097 4089 1116 4133 1.
1131 4100 1161 4137 ιι,
1179 4101 1205 4146 p.
1220 4089 1274 4132 161.

246 4161 256 4196 ³
275 4160 374 4209 Videas
393 4161 546 4223 exemptum
566 4161 720 4224 hujusmodi
741 4177 866 4210 recursus
886 4163 956 4224 apud
980 4163 1086 4220 Lucidi,
1108 4163 1145 4210 De
1166 4161 1335 4221 visitatione,

214 4255 237 4286 c.
255 4255 285 4297 ιι,
302 4255 327 4287 n.
343 4243 400 4298 108,
417 4239 524 4296 Romae,
540 4243 614 4296 1878,
630 4243 649 4288 1.
664 4255 685 4296 ι,
701 4255 728 4303 p.
742 4245 796 4288 178.
