3246 5052
261 467 303 515 DE
323 465 452 516 RlTlBUS
472 465 726 517 ESSENTIALIBUS
745 467 998 519 ORDlNATlONUll
1017 469 1175 520 ultorum
1231 465 1282 518 523

157 610 280 674 dedisti
307 609 341 673 in
366 609 551 674 utilitatem
578 617 611 674 et
638 610 783 674 sulutem
809 611 941 692 ovium,
968 613 1026 701 qui
1053 612 1187 698 elegisti
1214 612 1282 700 epi-

158 747 279 811 scopos
299 731 333 788 et
352 722 572 812 presbyteros
592 730 625 788 et
645 724 806 789 diaconos
825 725 859 790 iu
880 725 1106 791 ministerium
1122 727 1282 791 Ecclesiae

156 847 224 903 ture
244 837 436 918 catholicae,
457 839 516 926 qui
539 837 674 926 elegisti
697 863 757 927 per
782 839 1002 926 Unigenitum
1027 848 1125 906 tuum
1150 849 1282 928 septem

157 953 318 1018 diaconos
345 959 379 1016 et
404 951 554 1016 tribuisti
580 953 629 1018 eis
655 952 820 1040 Spiritum
839 954 1019 1034 Sanctum,
1048 955 1218 1020 constitue
1249 961 1283 1020 et

156 1068 247 1132 hunc
267 1067 447 1130 diaconum
471 1065 645 1131 catholieae
671 1067 831 1132 Ecclesiae
851 1076 918 1132 tuae
938 1077 971 1133 et
991 1069 1034 1133 da
1058 1070 1094 1133 in
1113 1069 1190 1156 ipso
1213 1069 1283 1156 spi·

158 1181 260 1246 ritum
291 1160 530 1267 intelligentiae
557 1187 592 1244 et
620 1179 850 1262 discretioniS,
882 1191 922 1248 ut
949 1183 1075 1270 possit,
1105 1183 1140 1246 iu
1169 1183 1282 1247 medio

157 1295 274 1382 populi
293 1295 344 1358 tui
364 1295 489 1374 sancti,
512 1317 595 1382 pure
614 1306 648 1360 et
667 1296 1008 1384 irreprehensibiliter
1031 1297 1224 1362 ministrare
1248 1297 1283 1360 in

158 1409 221 1472 hoe
250 1409 457 1490 ministerio,
485 1432 546 1495 per
570 1409 792 1496 Unigenitum
818 1418 915 1475 tuum
941 1412 1060 1476 lesum
1088 1411 1279 1492 Christum,

158 1545 338 1611 perquem
357 1521 420 1587 tihi
438 1521 547 1608 gloria
567 1530 602 1588 et
620 1531 774 1611 potestus
792 1525 826 1588 in
846 1523 975 1611 Spiritu
994 1525 1119 1590 Sancto
1139 1533 1173 1589 et
1192 1547 1282 1590 nunc

158 1644 192 1702 et
211 1661 271 1726 per
290 1637 403 1701 omnin
423 1637 547 1702 saecula
567 1637 780 1702 surculorum.
803 1639 928 1703 Amen.
953 1667 969 1698 »

248 1904 263 1936 ιι
287 1875 465 1962 Impositio
484 1898 648 1940 munuum
666 1877 710 1940 ud
729 1876 989 1940 constituendos
1002 1875 1234 1963 presbyteros.

203 2073 218 2106 ι(
242 2047 382 2111 Manum
403 2045 634 2128 extendimuS,
657 2047 749 2110 Deus
768 2047 961 2112 dominator
981 2048 1157 2130 uelorum,
1180 2049 1281 2112 Pater

157 2161 333 2249 Unigeniti
352 2161 418 2241 tui,
441 2183 543 2247 super
564 2160 652 2225 hunc
673 2161 863 2243 hominem,
885 2169 919 2226 et
938 2185 1128 2250 precamur,
1149 2169 1188 2226 ut
1207 2161 1281 2250 Spi-

157 2274 242 2339 ritus
261 2274 415 2338 veritatis
434 2273 524 2338 adsit
543 2273 597 2354 ei;
619 2273 835 2362 prudentiam
854 2275 885 2340 ei
905 2274 1015 2340 tribue
1036 2283 1069 2340 et
1088 2275 1281 2360 intelligen-

157 2388 240 2453 tiam
260 2395 293 2452 et
312 2387 440 2452 bonum
460 2411 537 2469 cor,
561 2389 623 2453 sit¹
644 2389 678 2452 in
703 2413 742 2454 eo
767 2390 913 2478 Spiritus
937 2389 1090 2472 divinus,
1112 2397 1150 2454 ut
1173 2390 1282 2477 possit

157 2501 347 2588 gubernare
373 2501 537 2590 populum
564 2511 661 2566 tuum
687 2511 721 2567 et
747 2505 985 2569 administrare
1009 2501 1123 2569 divina
1147 2504 1283 2591 eloquia

159 2623 232 2698 tua,
254 2623 289 2681 et
308 2617 523 2681 reconciliare
543 2617 709 2705 populum
728 2625 825 2682 tuum
845 2617 906 2683 tibi
930 2619 1082 2706 ingenito
1108 2619 1201 2698 Deo;
1223 2618 1284 2705 qui

158 2753 200 2793 ex
220 2729 341 2817 spiritu
361 2729 492 2816 Moysis
511 2729 636 2794 dedisti
656 2753 757 2818 super
776 2731 902 2796 electos
922 2731 1084 2820 Spiritum
1104 2733 1280 2810 Sanctum,

158 2843 322 2930 participa
342 2851 375 2908 et
394 2843 473 2907 huie
492 2843 656 2931 Spiritum
669 2844 831 2910 Sanctum
850 2869 893 2910 ex
913 2845 1040 2933 Spiritu
1053 2844 1229 2931 Unigeniti
1248 2844 1282 2907 in

159 2957 303 3043 gratiam
323 2957 497 3044 sapientiae
518 2967 552 3022 et
571 2957 806 3046 intelligentior
827 2967 861 3024 et
879 2967 980 3023 reotae
999 2959 1096 3039 fidei,
1118 2967 1156 3023 ut
1175 2958 1284 3046 possit

159 3071 350 3136 ministrare
370 3072 432 3136 tibi
452 3073 486 3136 in
507 3073 714 3137 conscientia
734 3097 834 3161 puro,
855 3097 916 3160 per
939 3073 1161 3160 Unigenitum
1187 3082 1284 3137 tuum

158 3184 276 3250 Jesum
307 3184 500 3266 Christum,
533 3209 595 3274 per
630 3209 731 3275 quem
766 3186 830 3252 tibi
862 3186 968 3274 gloria
1001 3195 1035 3251 et
1064 3193 1217 3273 potestus
1248 3187 1283 3249 in

159 3299 287 3386 Spiritu
306 3301 431 3365 Sancto
455 3309 489 3365 et
515 3323 606 3365 nunc
632 3310 666 3366 et
692 3325 752 3388 per
778 3301 891 3365 omnia
917 3301 1041 3366 saeouln
1068 3301 1280 3365 seculorum.

160 3417 283 3478 Amen.
309 3443 325 3474 u

192 3627 284 3684 ¹Quiu
299 3641 331 3675 ex
351 3627 401 3675 liae
419 3625 509 3688 [orme
529 3628 632 3675 moveri
652 3628 740 3690 possit
759 3627 918 3686 difficultas,
934 3628 1004 3675 addo
1023 3631 1128 3676 textum
1142 3642 1282 3691 groecum:

161 3729 172 3750 ιι
243 3709 350 3768 γενέσθω
366 3709 390 3755 ἐν
407 3707 475 3770 αὐτῷ
494 3708 590 3768 πνεῦμα
609 3709 673 3757 θεῖον
689 3707 751 3770 πρὸς
771 3707 799 3756 τὸ
820 3707 939 3756 δύνασθαι
960 3705 1035 3757 αὐτὸν
1055 3705 1222 3769 οἰκονομῆσαι
1241 3709 1283 3758 τὸν

159 3785 220 3836 λσόν
237 3805 282 3835 σον
295 3785 338 3834 ut
354 3785 501 3855 spectetur
512 3784 544 3834 τὰ
564 3787 617 3834 θεῖοι
638 3804 685 3836 σου
705 3790 779 3848 λόγια
798 3787 841 3835 καὶ
860 3783 1016 3842 natalitiae
1035 3786 1079 3835 τὸν
1098 3785 1159 3836 λαόν
1176 3805 1223 3836 σον
1244 3789 1286 3838 σοὶ

158 3867 193 3930 τῷ
210 3862 321 3927 ἀγενήτῳ
336 3865 392 3927 θεῷ·
409 3861 604 3926 ὁχσρισὰμενος
618 3864 667 3914 ἀπὸ
683 3866 726 3914 τοῦ
743 3863 883 3924 πνεύματος
899 3870 943 3914 τοῦ
960 3862 1072 3921 Μωσέως
1087 3865 1127 3914 ἐπὶ
1142 3861 1199 3921 τοὺς
1217 3868 1283 3916 ἐκλε-

159 3941 292 4004 λεγμὲνους
306 3949 402 4003 πνεῦμα
417 3938 503 4002 ἅγιον,
520 3943 622 4004 μέρισον
638 3943 680 3992 καὶ
701 3945 764 4008 τῷδε
781 3949 879 4004 πνεῦμα
895 3939 967 4006 ἅγιον
982 3946 1010 3992 ἐκ
1024 3949 1069 3992 τοῦ
1085 3943 1225 4004 πνεύματος
1240 3950 1286 3993 τοῦ

160 4027 310 4082 μονογενοῦς
326 4019 360 4076 οἷς
373 4019 447 4086 χάριν
465 4023 556 4084 coptus
575 4025 618 4072 καὶ
637 4022 754 4084 γνώσεως
771 4022 814 4071 καὶ
833 4024 941 4078 πίστεως
960 4017 1048 4085 ὀρθῆς,
1071 4021 1113 4070 ἵνα
1132 4023 1222 4092 δυνηθῇ
1244 4027 1286 4074 σοὶ

158 4100 314 4164 ὑπηρετῆσαι
325 4099 349 4150 ἐν
358 4104 456 4164 καθαρᾷ
466 4100 606 4162 συνειδήσει
614 4101 654 4151 διὰ
663 4108 706 4151 τοῦ
717 4103 867 4165 μονογενοῦς
875 4119 922 4152 σου
935 4100 1020 4152 'luceo
1030 4101 1153 4164 Χριστοῦ,
1162 4120 1186 4150 ιι.
1195 4119 1216 4152 τ.
1224 4103 1284 4149 l...»

163 4177 244 4226 Terle
261 4177 316 4225 und
334 4177 592 4242 Uutersuclruugeu,
613 4179 645 4226 N.
665 4179 701 4234 1³..
720 4183 739 4228 t.
756 4196 787 4238 rr,
801 4195 828 4226 ιιι
844 4179 874 4237 h,
892 4195 918 4242 p.
935 4185 973 4228 11.
