3316 5052
348 475 400 528 308
616 477 659 526 DE
679 474 816 526 LEGIBUS
835 473 949 525 SACRAE
969 473 1206 524 onninamente

347 620 441 708 quod
459 622 500 685 de
521 644 556 685 sc
577 627 681 708 patet,
699 627 732 683 et
752 618 906 707 sequitur
924 641 966 682 ex
987 617 1190 705 supradictis
1204 618 1246 682 de
1267 617 1473 704 obligatione

347 735 520 799 revelandi
539 733 792 822 impedimenta.

392 850 427 912 2⁰
443 849 526 914 Post
545 848 641 913 illam
661 847 887 912 archidiaconi
902 847 1174 934 responsionem,
1192 847 1370 934 episcopus
1390 847 1457 911 allo

348 964 463 1050 quitur
481 963 599 1028 fideles
619 963 903 1026 circumstantes:
926 987 942 1020 a
966 960 1001 1026 Si
1020 961 1097 1048 quis
1116 960 1218 1026 habet
1242 961 1370 1050 aliquid
1390 985 1471 1027 con-

346 1085 399 1142 tra
418 1077 507 1158 illos
529 1100 589 1164 pro
611 1077 698 1154 Dee,
722 1084 754 1140 et
774 1084 912 1163 propter
931 1075 1058 1156 Deum,
1081 1099 1158 1140 curn
1178 1075 1300 1140 fiducia
1319 1085 1419 1142 exeat
1438 1085 1471 1141 ei

347 1192 457 1264 dieat-2
479 1199 716 1256 verumtamen
740 1213 869 1254 mernor
894 1191 938 1254 sit
962 1189 1170 1254 condicionis
1190 1213 1271 1254 suae.
1292 1219 1307 1250 n
1328 1227 1369 1239 -
1390 1191 1470 1254 Haec

346 1313 399 1371 est
418 1305 520 1371 etiam
540 1328 631 1368 mera
651 1305 862 1385 caeremonia,
876 1304 976 1392 juxta
992 1307 1142 1369 omnes¹.
1160 1305 1402 1368 Verumtamen
1418 1305 1470 1367 his

345 1419 459 1484 verbis
479 1420 700 1484 admonemur
719 1441 849 1498 omnes,
871 1425 908 1482 ut
929 1417 1057 1506 siquid
1077 1419 1273 1482 noverimus
1292 1440 1358 1506 quo
1378 1417 1469 1480 ordi—

345 1533 478 1598 nandus
506 1532 666 1597 reddatur
694 1532 854 1619 indignus
883 1532 1110 1612 ordinatione,
1142 1531 1242 1612 illud,
1274 1539 1351 1596 ante
1378 1531 1468 1595 diem

345 1647 585 1726 ordinationiS,
612 1647 770 1734 episcopo
796 1646 852 1711 vel
875 1645 1021 1734 parocho
1049 1645 1198 1710 futuram
1222 1645 1468 1711 ordinationem

344 1760 531 1850 publicanti
550 1761 751 1847 pandamus.

579 2046 598 2119 5
616 2047 649 2108 2.
671 2048 724 2104 De
741 2045 879 2104 litteris
899 2045 1228 2108 testimonialibus

388 2281 482 2350 121.
499 2319 543 2329 -
557 2281 668 2348 varii
687 2299 802 2349 casus
821 2283 865 2348 in
884 2279 1031 2367 quibus
1050 2281 1307 2368 requirantur
1325 2281 1467 2350 littcrae

341 2394 638 2463 testimoniales.
664 2433 708 2442 —
731 2393 867 2458 Litterae
900 2395 1138 2460 testimoniales
1169 2401 1250 2459 sunt
1280 2396 1402 2460 litterae
1433 2397 1465 2460 in

342 2507 466 2596 quibus
498 2509 541 2572 ab
572 2509 771 2572 auctoritate
802 2509 1002 2593 competenti
1032 2510 1136 2574 datur
1168 2510 1397 2574 testimonium
1428 2513 1467 2574 de

343 2623 521 2686 idoneitate
545 2622 694 2708 alicujus
718 2622 911 2686 ordinandi.
934 2621 1031 2688 Unde
1055 2623 1155 2687 valde
1175 2623 1337 2689 differunt
1356 2631 1467 2688 tuma

341 2735 465 2801 litteris
493 2735 711 2815 dimissoriis,
742 2743 816 2800 tum
842 2735 884 2799 ab
911 2735 980 2800 illis
1010 2736 1087 2802 aliis
1118 2737 1241 2802 litteris
1273 2737 1314 2802 de
1344 2737 1466 2826 quibus

342 2873 442 2938 supra
463 2849 516 2936 (n.
540 2849 612 2938 60)
633 2850 845 2915 dictumest.
869 2850 1007 2914 -Tria
1032 2857 1112 2916 sunt
1137 2852 1341 2916 documenta
1365 2847 1476 2936 legis?

341 2964 535 3052 latinaque
552 2963 780 3029 determinant
800 2987 898 3028 casus
918 2962 1090 3050 inquibus
1111 2965 1326 3052 requirantur
1345 2965 1466 3029 littera

344 3079 589 3143 testimoniales
608 3099 614 3144 :

389 3195 421 3255 1⁰
441 3191 630 3257 Concilium
655 3191 762 3270 Trid.,
788 3215 861 3278 cap.
886 3191 1137 3274 Ordinationes,
1165 3192 1200 3266 8,
1228 3215 1311 3258 sess¹
1336 3192 1463 3265 xxiii,

344 3307 394 3369 Du
415 3327 500 3385 aur.,
519 3305 628 3391 jubet,
647 3305 782 3392 quando
798 3306 886 3392 quis,
905 3307 938 3369 vi
958 3305 1129 3393 privilegii
1147 3313 1205 3370 aut
1226 3306 1361 3387 indulti,
1378 3307 1466 3370 ordi-

344 3420 416 3484 nari
440 3427 535 3507 petat
558 3419 600 3484 ab
627 3419 784 3506 episcopo
809 3441 877 3483 non
900 3420 1053 3507 proprie,
1081 3418 1196 3486 baberi
1221 3419 1466 3485 testimoniales

344 3532 386 3597 ab
406 3533 583 3599 Ordinario
604 3551 688 3597 suo:
711 3561 726 3593 «
746 3533 782 3598 Si
802 3533 879 3620 quis
897 3531 939 3597 ab
959 3533 1024 3598 alio
1044 3535 1236 3622 promoveri
1255 3541 1368 3622 petat,
1390 3535 1467 3599 nul-

343 3648 478 3713 latenus
507 3648 541 3711 id
570 3647 641 3713 ei...
669 3647 898 3744 permittatur,
925 3646 991 3711 nisi
1013 3649 1089 3733 ejus
1111 3648 1266 3733 probitas
1293 3671 1330 3712 ac
1359 3671 1467 3712 mores

267 3823 270 3830 .
346 3762 520 3826 Ordinarii
539 3763 593 3826 sui
614 3762 802 3826 testimonio
822 3761 1110 3826 commendentur.
1136 3789 1150 3820 n

389 3876 423 3939 2⁰
461 3873 651 3940 Innocentii
693 3873 755 3938 Xll
792 3873 886 3939 bulla
923 3873 1174 3960 Speculatores,
1215 3869 1321 3962 pridie
1360 3899 1469 3939 nonas

344 4011 423 4054 nov.
448 3989 550 4068 toti,
572 3987 713 4074 requirit
732 3987 978 4053 testimoniales
998 3989 1033 4052 in
1052 3996 1196 4076 quatuor
1215 3989 1373 4054 casibus:

372 4199 381 4231 ¹
399 4195 556 4252 catalenus,
572 4193 672 4241 Gomrn.
686 4193 714 4241 in
726 4193 886 4256 Pontificale
900 4195 1057 4252 Romanurn,
1072 4197 1098 4244 in
1116 4198 1157 4246 tit.
1171 4197 1208 4246 De
1221 4195 1366 4246 ordinibus
1381 4199 1469 4258 cens„

343 4279 395 4332 st,
413 4291 438 4323 n.
455 4279 481 4332 6,
499 4273 622 4328 Parisiis,
640 4276 708 4329 1850,
725 4275 744 4319 t.
762 4287 781 4328 r,
799 4287 825 4333 p.
841 4275 879 4320 91.
