3270 5050
329 441 362 494 38
595 449 639 498 DE
658 449 796 499 LEGIBUS
815 447 929 499 SAGRAE
948 448 1186 500 onomarlouls

375 587 408 650 l⁰
432 587 536 671 Cum,
562 591 686 656 saeculo
710 613 761 674 vr,
787 593 890 680 coepit
913 615 1035 679 urgere
1059 592 1238 680 obligatio,
1264 615 1326 680 pro
1354 592 1455 656 cleri-

330 702 394 783 cis,
420 701 594 768 delerendi
615 711 808 788 tonsuram,
835 707 931 772 illam
955 707 1099 795 quisque
1125 705 1309 793 recipiebat
1334 706 1455 770 eodem

331 815 385 880 die
415 839 481 904 quo
510 818 621 905 primo
651 820 779 903 ordini,
809 843 932 908 nempe
966 821 1155 886 ostiariatui
1187 821 1243 885 vel
1275 819 1456 885 lectoratui

332 929 444 1016 (juxta
462 933 575 998 varias
593 935 798 1024 provincias)
818 935 1028 1001 initiabatur.
1051 935 1145 1000 Tunc
1164 958 1245 1022 ergo
1264 935 1453 1023 impositio,

331 1051 369 1108 ut
394 1045 442 1110 ita
468 1045 594 1131 dicam,
622 1055 771 1114 tonsurae
797 1072 866 1114 non
893 1055 965 1114 erat
989 1049 1171 1114 distinctus
1194 1050 1280 1115 ritus
1304 1071 1323 1113 a
1346 1049 1456 1136 primo

331 1159 449 1223 ordine
462 1167 610 1249 recepto.
629 1161 700 1228 lmo
720 1163 1031 1251 probabilissimum
1046 1169 1098 1228 est
1117 1163 1214 1228 initio
1228 1185 1457 1250 unumquem-

208 1325 211 1334 ,
332 1295 397 1361 que
421 1274 581 1340 clericum
605 1285 804 1343 curassent
828 1277 894 1343 sibi
917 1278 1076 1366 privatim
1095 1277 1196 1342 modo
1220 1277 1383 1364 requisito
1404 1299 1458 1341 ca·

333 1387 406 1474 pilli
435 1389 669 1457 tonderentur.
703 1391 874 1458 Paulatim
901 1399 1017 1458 tamen
1042 1415 1119 1457 mos
1150 1390 1296 1456 invaluit
1322 1397 1363 1456 ut
1393 1391 1459 1454 ista

333 1501 442 1587 prima
460 1509 601 1569 tonsure
620 1507 730 1588 lieret,
752 1506 795 1571 ab
819 1507 966 1594 ipsomet
989 1505 1211 1571 ordinationis
1230 1505 1401 1584 ministro,
1424 1504 1459 1568 in

334 1615 407 1702 ipsa
426 1617 607 1684 collatione
625 1620 726 1708 primi
741 1621 885 1702 ordinis,
903 1628 941 1685 ut
957 1621 1067 1686 adhuc
1087 1619 1187 1684 hodie
1205 1620 1244 1684 fit
1263 1619 1353 1707 apud
1368 1617 1461 1683 Grae-

335 1755 409 1811 cos,
435 1733 526 1820 apud
550 1757 636 1822 quos
658 1735 832 1823 impositio
855 1743 1005 1800 tonsurae
1029 1742 1080 1800 cst
1103 1735 1195 1823 prior
1222 1757 1302 1820 pars
1328 1732 1461 1796 ordina-

337 1845 440 1910 tionis
459 1845 659 1930 lectoratus,
681 1849 738 1914 vel
756 1856 952 1914 cantoratus
964 1853 987 1914 ¹.

381 1960 417 2022 2⁰
435 1959 588 2048 Tandem
604 1985 685 2027 vero
705 1963 842 2028 collatio
862 1970 1011 2028 tonsurae
1031 1961 1180 2050 separari
1200 1961 1303 2048 coepit
1318 1983 1337 2024 a
1352 1961 1461 2048 primo

336 2073 469 2154 ordine,
492 2075 539 2139 ita
562 2083 617 2158 ut,
639 2099 679 2141 ea
701 2085 853 2166 recepta,
875 2077 986 2142 fidelis
1009 2077 1151 2140 clericus
1173 2077 1280 2161 fieret.
1303 2073 1371 2140 Sed
1394 2097 1463 2162 quo

336 2195 489 2274 tempore
513 2188 548 2252 id
571 2191 738 2273 evenerit,
765 2215 834 2256 non
857 2191 956 2257 facile
980 2197 1033 2255 est
1056 2189 1208 2255 delinire.
1232 2189 1281 2254 Do
1301 2211 1368 2276 quo
1392 2187 1464 2251 haec

325 2277 501 2367 dicenda:

382 2439 413 2480 a.
436 2415 539 2482 Initio
559 2419 675 2483 seculi
693 2441 763 2501 xm,
787 2419 954 2508 separatio
968 2419 1056 2484 facta
1076 2425 1159 2500 eret,
1176 2425 1215 2482 ut
1234 2423 1370 2481 constat
1388 2439 1461 2503 cap.

341 2530 429 2594 Cum
452 2533 643 2617 continyat,
666 2536 724 2615 ll,
748 2535 798 2598 Du
822 2553 929 2599 errare
948 2553 992 2598 ur
1015 2551 1208 2626 Quamnam,
1236 2537 1316 2612 etc,
1342 2529 1465 2617 inquo

341 2643 558 2711 Innocentius
581 2645 648 2729 ΙΙΙ,
675 2670 731 2714 au.
759 2647 861 2730 1210,
888 2647 1033 2713 scribit:
1061 2673 1078 2708 κ
1106 2646 1193 2712 Cum
1217 2645 1394 2730 contingat
1416 2644 1468 2707 iu-

342 2760 493 2843 terdum,
508 2762 600 2850 quod
614 2761 708 2846 laici,
721 2763 764 2828 ad
779 2763 984 2828 monasteria
999 2759 1231 2840 convolantes,
1245 2782 1264 2824 a
1280 2759 1351 2824 suis
1366 2757 1468 2822 abba-

341 2873 432 2938 tibus
456 2882 688 2960 tonsurentur,
710 2877 884 2965 requisisti
904 2900 948 2942 an
972 2875 1151 2941 clericatus
1171 2874 1252 2938 ordo
1271 2873 1308 2936 in
1328 2880 1468 2938 tonsura

341 2988 537 3075 hujusmodi
555 2990 757 3057 conferatur.
781 2991 890 3080 Super
908 3013 974 3078 quo
994 2989 1057 3054 tibi
1073 2987 1335 3077 respondemus,
1358 2986 1466 3074 quod,

344 3105 475 3168 cumin
495 3105 639 3193 septima
663 3106 794 3193 synodo
817 3107 863 3171 sit
887 3112 1068 3186 statutum,
1091 3111 1130 3169 ut
1152 3103 1298 3168 lectores
1318 3123 1378 3188 per
1396 3123 1470 3164 ma-

345 3241 409 3282 nus
423 3219 676 3306 impositionem
690 3221 827 3286 licentia
840 3220 885 3286 sit
898 3219 1081 3307 unicuique
1096 3216 1252 3282 abbati...
1268 3214 1422 3294 faciendi,
1431 3267 1437 3279 .
1446 3265 1467 3278 ..

341 3355 406 3418 per
424 3335 578 3418 primam
603 3342 794 3420 tonsuram,
814 3337 922 3422 jueta
945 3339 1098 3420 sormam
1122 3331 1277 3395 Ecclesiae
1297 3329 1429 3411 datam,
1452 3349 1471 3390 a

345 3446 472 3512 talibus
487 3449 651 3514 clericalis
666 3451 748 3514 ordo
763 3454 952 3535 confertur.
971 3446 1066 3512 »Ubi
1079 3445 1176 3510 vides
1191 3449 1382 3531 separatam
1397 3464 1471 3506 esse

347 3569 523 3626 tonsuram
542 3586 562 3628 a
581 3561 733 3652 quolibet
752 3562 884 3642 ordine,
911 3561 1108 3626 clericatum
1128 3581 1166 3623 ea
1190 3555 1352 3639 conferri,
1373 3555 1474 3619 mini·

349 3683 457 3740 strum
483 3675 556 3762 ejus
582 3699 657 3742 esse
682 3676 839 3742 eumdem
866 3699 904 3740 ac
935 3675 1132 3738 ministrum
1162 3671 1337 3752 ordinum,
1370 3671 1473 3735 ritum

350 3789 533 3878 specialem
551 3791 624 3878 jam
648 3813 722 3856 esse
746 3789 991 3878 praescriptum.
1013 3827 1058 3838 -
1075 3789 1169 3869 lam,
1190 3786 1278 3850 circa
1298 3807 1354 3850 an.
1373 3783 1472 3865 1112,

352 3907 452 3993 Hugo
477 3929 496 3971 a
520 3905 554 3971 S.
572 3905 708 3971 Victore
732 3905 882 3994 loquitur
905 3903 947 3968 de
970 3909 1127 3984 tonsura,
1152 3907 1317 3988 tanquam
1342 3897 1383 3963 de
1408 3898 1477 3964 ritu

352 4043 489 4110 prorsus
509 4020 669 4086 distincto
689 4045 708 4085 a
727 4019 880 4109 qualibet
897 4017 1110 4083 ordinatione
1121 4019 1144 4082 ².

384 4195 393 4227 ¹
410 4193 479 4242 Vide
493 4193 576 4241 ritum
590 4192 680 4255 ipsum
695 4189 767 4253 apud
782 4188 864 4248 Goar,
877 4203 905 4250 p.
917 4191 973 4237 2³³.

385 4273 396 4307 ²
412 4272 452 4321 De
464 4269 652 4328 sacrementis,
668 4268 715 4317 lib.
727 4267 760 4327 11,
777 4266 904 4330 partlll,
919 4281 942 4315 c.
954 4282 971 4324 ι,
988 4281 1014 4324 ιι,
1030 4280 1067 4322 ιιι,
1079 4277 1110 4322 r;
1124 4261 1224 4324 Misus,
1240 4259 1269 4308 P.
1283 4259 1322 4317 L..
1339 4261 1359 4306 t.
1370 4271 1476 4313 ccxxvi,
