3294 5054
448 471 491 520 DE
511 469 774 530 PRAEREQUISITIS
793 470 836 520 an
856 469 1109 520 ORDINATIONEM
1289 465 1337 518 361

216 636 298 700 pus,
329 612 561 699 promovendo
589 613 742 678 clericos
764 612 806 677 ad
835 635 948 678 sacros
987 611 1139 688 ordines,
1169 609 1339 697 suscipere

217 733 395 791 censeatur
421 725 683 812 obligationem,
707 727 773 791 imo
798 749 933 806 revera,
960 726 995 790 in
1019 725 1171 789 omnium
1194 725 1340 788 aestima·

216 841 324 922 tione,
351 840 513 928 suscipiat
538 839 781 929 obligationem
808 838 1009 928 providendi
1028 861 1144 903 eorum
1169 845 1340 903 sustenta—

215 953 301 1018 tioni
329 976 390 1040 per
417 954 511 1018 varia
540 954 728 1018 ministeria
756 953 825 1018 illis
854 953 1114 1034 committenda,
1142 960 1176 1016 et
1203 959 1337 1038 postea,

215 1091 293 1132 cum
313 1067 393 1133 facti
411 1065 538 1132 fuerint
562 1069 648 1132 sacri
668 1067 846 1132 ministerii
865 1067 1059 1154 incapaceS,
1081 1089 1142 1153 per
1160 1088 1338 1152 congruas,

215 1182 250 1246 in
271 1189 436 1270 quantum
465 1181 626 1269 possibile
651 1182 730 1263 erit,
760 1182 980 1269 pecuniarum
1003 1181 1217 1266 largitiones,
1244 1179 1340 1243 adest

215 1319 331 1360 revera
354 1296 390 1360 in
411 1296 532 1360 horum
555 1297 754 1361 clericorum
778 1295 990 1361 ordinatione
1015 1295 1112 1382 quasi
1136 1294 1256 1358 titulus
1279 1294 1340 1356 im-

210 1410 367 1495 plicitus,
393 1432 515 1498 nempe
538 1411 666 1474 servitii
685 1410 848 1492 dioeceais,
873 1417 931 1474 aut
955 1409 1115 1490 ccclesiae;
1139 1408 1198 1495 qui
1219 1406 1340 1471 titulus

214 1530 354 1589 nonest
378 1522 543 1588 absimilis
567 1524 622 1588 vel
641 1522 718 1587 huic
738 1523 838 1588 titulo
859 1523 1178 1604 administrationis,
1205 1520 1279 1608 qui,
1302 1527 1339 1583 ut

213 1637 415 1702 dictumest
438 1637 492 1726 (n.
522 1638 615 1723 144,
639 1636 699 1726 2⁰),
721 1637 850 1724 passim
869 1636 962 1722 viget
986 1636 1021 1699 in
1041 1635 1199 1699 America
1217 1634 1335 1714 latina,

212 1758 246 1816 et
266 1773 368 1839 quem
388 1750 546 1838 probavit
570 1751 606 1817 S.
624 1749 750 1836 Congr.
770 1750 889 1830 Cone,
912 1751 946 1813 in
967 1749 1165 1835 Chiapenai,
1191 1749 1230 1812 21
1249 1747 1338 1836 junii

214 1864 332 1946 mitt
354 1865 410 1930 vel
430 1865 529 1930 titulo
548 1866 677 1930 servitii
700 1866 857 1947 ecclesiae,
883 1865 957 1952 qui,
984 1869 1023 1928 ut
1049 1863 1165 1928 statim
1193 1862 1335 1942 dicetur,

211 1985 367 2066 receptus
387 1985 439 2043 est
459 1979 493 2042 in
514 1978 665 2044 Ecclesia
682 1976 862 2058 Orientali,
885 1977 939 2042 vel
969 1978 1036 2040 imo
1067 1977 1133 2063 ipsi
1152 1977 1251 2041 titulo
1272 1977 1338 2063 pri-

211 2093 343 2174 mitivo,
368 2115 471 2180 quem
497 2093 645 2158 instituit
673 2091 853 2156 concilium
874 2091 1164 2170 Chalcedonense,
1186 2091 1220 2154 vi
1240 2089 1337 2176 cujus

211 2205 325 2271 clerici
344 2229 403 2294 pro
424 2207 537 2294 aliqua
551 2206 692 2271 ecclesia
713 2205 968 2286 ordinabantur,
992 2229 1033 2270 ex
1052 2206 1148 2292 cujus
1173 2202 1337 2268 reditibus

211 2319 409 2400 alebantur3
441 2359 485 2368 -
513 2322 544 2386 l.
575 2321 673 2385 Adeo
702 2327 816 2384 autem
846 2319 1021 2384 rationalis
1047 2327 1100 2384 est
1122 2318 1193 2383 haec
1213 2317 1337 2404 gallica

211 2435 437 2514 consuetud0‚
461 2441 495 2498 et
523 2441 719 2498 nostrorum
741 2441 934 2520 temporum
954 2432 1125 2520 adjunctis
1149 2455 1336 2498 accommo-

210 2547 305 2628 data,
328 2547 419 2611 utin
440 2546 584 2611 concilio
604 2547 770 2611 Vaticano
789 2546 889 2610 multi
910 2546 1030 2610 Patres
1055 2568 1129 2610 eam
1150 2567 1334 2632 proposue-

209 2661 294 2742 rint,
317 2659 447 2725 adhoc
470 2667 509 2725 ut
536 2667 710 2747 tamquam
733 2660 791 2748 jus
822 2658 1066 2746 approbaretur
1092 2666 1126 2724 et
1149 2659 1335 2722 constitue-

210 2783 313 2839 retur.
345 2773 400 2838 sic
430 2773 520 2838 enim
549 2773 695 2860 legimus
720 2773 755 2837 in
784 2773 956 2837 schemate
985 2774 1034 2838 De
1064 2773 1173 2836 titulis
1200 2773 1335 2835 ordina-

211 2889 370 2954 tionum:
392 2915 407 2948 «
478 2887 712 2968 Decernimus‚
735 2893 783 2965 ut,
806 2887 841 2950 in
861 2886 983 2973 quibus
1003 2884 1205 2951 dioecesibus
1225 2907 1334 2972 neque

210 3001 381 3066 sufficiens
418 3001 660 3066 beneficiorum
694 3008 753 3065 aut
787 3001 989 3089 pensionum
1030 2999 1334 3064 ecclesiasticarum

209 3138 371 3180 numerus
395 3124 463 3196 est,
485 3137 595 3202 neque
626 3115 823 3202 patrimonii
847 3115 968 3178 titulus
993 3113 1135 3179 servatis
1162 3135 1333 3178 sacrorum

208 3252 378 3294 canonum
402 3226 715 3316 praescriptionibus
739 3228 900 3292 constitui
926 3234 1055 3314 potest,
1082 3227 1182 3291 liceat
1206 3227 1333 3314 episco-

208 3343 262 3430 pis
282 3366 340 3408 eos
360 3365 445 3431 quos
464 3365 525 3428 pro
546 3343 748 3406 necessitate
768 3341 823 3407 vel
849 3342 1090 3406 commoditate
1115 3341 1333 3405 ecclesiarum

209 3479 347 3522 suarum
367 3456 590 3522 assumendos
610 3454 854 3542 judicaverint,
877 3455 1031 3520 ordinare
1052 3455 1151 3520 titulo
1170 3455 1333 3542 patrimo-

208 3571 257 3635 nii
286 3571 436 3658 ipsorum
459 3569 587 3657 judicio
612 3570 768 3656 congrui,
800 3577 834 3634 et
869 3568 989 3654 majori
1017 3592 1083 3656 qua
1116 3570 1188 3634 fieri
1220 3575 1333 3656 potest

207 3684 389 3750 securitate
414 3684 660 3764 constituendi3
688 3690 722 3748 et
746 3684 775 3747 si
797 3706 859 3748 nec
879 3683 925 3748 ita
949 3683 1191 3770 patrimonium
1216 3683 1333 3748 haberi

207 3895 219 3938 1
241 3903 301 3949 aug.
323 3891 391 3944 1805,
412 3890 463 3936 art.
486 3893 510 3944 1,
531 3887 604 3949 apud
624 3887 810 3949 Champeaux,
832 3886 881 3934 loc.
902 3885 957 3942 cit,
979 3901 1005 3948 p.
1026 3886 1086 3949 3³9)
1107 3890 1216 3934 cautum
1239 3891 1280 3934 cst
1302 3891 1331 3934 ut

207 3971 284 4015 sexta
298 3980 361 4028 pars
376 3965 512 4014 redituum
528 3979 560 4012 ex
575 3965 711 4013 locatione
726 3965 829 4012 sedium
846 3969 873 4012 et
888 3975 1059 4012 scamnorum
1075 3965 1101 4012 in
1117 3965 1229 4026 singulis
1245 3965 1332 4012 ecclc-

206 4045 254 4092 siis
267 4043 413 4106 quotannis
428 4047 563 4104 ortorum,
579 4043 606 4090 in
622 4057 699 4090 usum
719 4042 892 4104 impendatur
912 4043 1083 4091 sacerdotum
1099 4045 1180 4091 rotate
1195 4046 1240 4090 aut
1256 4041 1329 4089 infir-

206 4123 302 4171 mitate
316 4124 502 4184 gravatorum
517 4121 617 4169 alicubi
630 4126 732 4180 tamon,
748 4136 772 4168 v.
787 4137 822 4182 g„
838 4121 882 4168 hic
896 4121 1017 4173 Parisiis.
1035 4135 1089 4168 non
1104 4123 1146 4168 est
1162 4121 1211 4168 nisi
1227 4120 1330 4168 decima

206 4215 279 4263 pars.

238 4279 247 4312 ¹
265 4279 333 4327 Acta
346 4277 371 4326 S.
389 4277 478 4334 Sedis,
495 4281 513 4326 t.
530 4293 578 4336 xri,
595 4293 621 4340 p.
638 4281 691 4324 569.
