3294 5054
365 533 418 587 104
632 535 676 586 DE
696 535 833 586 LEGIBUS
854 535 968 586 SACRAE
987 535 1222 586 onnlitirtosts

366 679 495 743 militiae
515 679 668 743 saeculari
684 677 908 757 addictorum,
931 677 1062 756 statuit,
1085 700 1118 742 n.
1142 679 1185 743 5:
1209 705 1224 738 a
1245 677 1310 742 Pro
1330 678 1489 744 omnibus

364 793 563 858 necessariae
595 799 694 857 erunt
733 793 851 856 littore
886 793 1124 856 testimoniales
1156 791 1418 857 Ordinariornm
1453 793 1487 856 in

363 929 514 993 quorum
534 907 705 970 territorio
731 906 851 970 saltem
872 928 935 990 per
955 915 1023 969 tres
1040 926 1169 971 ‘menses
1192 907 1392 971 conmrorati
1410 911 1488 991 sne-

364 1022 467 1085 rint¹.
494 1049 509 1080 »
536 1020 570 1086 Si
597 1020 674 1108 quis
695 1027 807 1084 tamen
827 1019 1006 1108 episcopus
1033 1019 1165 1084 ordinet
1185 1020 1389 1106 Regularem
1413 1021 1486 1085 sine

363 1135 416 1199 his
442 1133 744 1210 testimonialibus
776 1155 844 1198 non
875 1134 1066 1220 putaverim
1100 1133 1212 1198 locum
1241 1157 1313 1198 esse
1343 1156 1486 1222 suspen-

362 1249 448 1314 sioni
477 1249 624 1336 (statuta
655 1249 689 1312 in
716 1247 810 1313 hulla
837 1247 1038 1332 Apostolicae
1062 1245 1193 1334 Sedis),
1225 1254 1297 1312 tum
1322 1248 1402 1336 quia
1431 1247 1485 1312 hic

361 1363 541 1450 episcopus
569 1385 637 1426 non
668 1362 802 1427 ordinat
830 1362 948 1428 stricte
976 1361 1153 1426 sulnlitum
1178 1362 1379 1447 proprium,
1410 1369 1483 1426 tum

360 1477 452 1566 quia,
474 1483 512 1541 ut
531 1475 728 1541 dictumest
748 1499 850 1563 supra
870 1475 917 1560 (n.
943 1474 1041 1554 162,
1063 1475 1129 1562 20),
1152 1476 1331 1563 episcopus
1350 1475 1483 1540 ordina·

359 1597 456 1656 turus
469 1588 674 1676 Regularem
690 1597 826 1654 tenetur
841 1587 1000 1654 adhibere
1019 1588 1120 1653 tidem
1137 1589 1301 1676 superiori
1316 1588 1357 1653 de
1373 1589 1483 1652 omni-

359 1704 422 1770 bus
443 1704 584 1792 (praeter
602 1702 810 1790 doctrinam)
836 1725 911 1790 quse
938 1702 1124 1790 respiciunt
1142 1687 1361 1768 idoneitatem
1390 1702 1481 1766 ordi-

357 1817 472 1883 nandi.
498 1817 568 1882 Lex
587 1839 668 1902 ergo
692 1816 757 1880 ista
782 1816 823 1880 de
843 1814 1130 1902 testimonialibus
1149 1813 1315 1880 habendis
1344 1815 1480 1902 respicit

357 1931 566 2019 superiorem
587 1929 788 2016 regularem.

402 2045 435 2110 3⁰
455 2044 534 2110 Haec
561 2045 746 2110 Instructio
773 2042 808 2108 S.
838 2041 964 2130 Congr.
991 2065 1093 2130 super
1122 2043 1308 2131 Disciplina
1332 2043 1479 2132 regulari

356 2181 424 2224 non
443 2157 573 2246 obligat
597 2158 662 2223 nisi
682 2157 833 2236 ltaliam,
856 2181 916 2244 pro
941 2167 1010 2246 'qua
1035 2157 1125 2222 edita
1148 2165 1212 2224 est.
1239 2161 1420 2238 Attamen,
1441 2164 1478 2221 ut

355 2297 415 2361 per
438 2295 474 2337 se
502 2277 611 2360 patet,
639 2279 751 2335 monet
774 2272 927 2336 omnium
953 2271 1129 2358 regionum
1163 2273 1354 2358 superiores
1378 2293 1477 2359 regu-

354 2385 459 2466 lares
484 2385 566 2474 quid
593 2384 784 2449 faciendum
811 2385 857 2450 sit
875 2408 955 2472 erga
976 2385 1132 2450 alumnos
1152 2407 1232 2449 suos
1255 2386 1314 2473 qui
1338 2385 1423 2449 lorte
1442 2385 1477 2448 in

354 2499 475 2564 iisdem
495 2497 676 2585 adjunctis
693 2519 813 2586 nempe
833 2498 868 2562 in
887 2497 1054 2586 praesidiis
1075 2506 1109 2564 et
1128 2497 1333 2564 stationibus
1352 2499 1477 2564 milita-

353 2613 462 2694 ribuS‚
485 2619 679 2692 versentur,
702 2619 735 2676 et
759 2635 825 2699 qua
852 2611 983 2677 cautela
1010 2611 1168 2699 colligere
1195 2611 1341 2678 debeant
1367 2613 1477 2678 varias

354 2727 589 2795 attestationes
616 2725 657 2790 de
691 2724 790 2789 modo
819 2749 886 2813 quo
914 2736 1066 2813 tempore
1093 2725 1222 2790 militiae
1249 2727 1355 2791 vitam
1383 2727 1477 2792 insti·

354 2843 492 2908 tuerint.

701 3027 741 3094 V.
764 3028 904 3094 Trrrnus
928 3049 1139 3094 recreareris

401 3243 495 3310 1⁷2.
515 3281 559 3292 —
578 3242 748 3318 Quinam
767 3241 945 3328 religiosi
968 3239 1018 3307 ed
1039 3259 1195 3310 sacrum
1216 3239 1475 3310 subdiacone-

354 3362 419 3424 tus
442 3355 622 3423 ordinem
648 3355 873 3442 promoveri
899 3361 1046 3442 queant
1076 3354 1191 3422 titulo
1217 3357 1472 3442 paupertatis.

354 3507 397 3517 -—
417 3470 493 3534 lam
513 3469 713 3534 dictumest
733 3490 845 3555 supra,
868 3490 902 3534 n.
926 3469 1021 3554 134,
1042 3469 1089 3549 7⁰,
1113 3469 1207 3554 143,
1228 3468 1269 3533 de
1290 3470 1423 3534 notione
1441 3476 1473 3534 et

354 3583 485 3669 oripioe
511 3583 613 3670 hujus
637 3581 745 3663 tituli,
772 3581 814 3646 ad
841 3583 943 3670 quem
962 3581 1149 3668 Regulares
1168 3589 1410 3668 promoventur
1433 3582 1473 3648 ad

355 3720 468 3762 saeros
494 3697 642 3761 ordines.
671 3696 784 3762 Unum
815 3705 967 3760 remanet
993 3693 1229 3782 quaerendum,
1252 3717 1373 3783 nempe
1399 3697 1474 3785 qui-

354 3833 434 3876 nam
461 3810 652 3897 promoveri
682 3809 816 3898 possint
843 3809 906 3874 hoc
935 3808 1047 3873 titulo.
1078 3807 1180 3873 Porro
1204 3808 1267 3873 soli
1292 3809 1474 3896 Requlares

354 3926 548 3990 solemniter·
563 3925 711 4009 professi
732 3925 793 3988 ltoc
814 3923 913 3988 titulo
933 3923 977 3986 ad
994 3945 1106 3987 sacros
1131 3923 1265 3988 ordines
1281 3927 1475 4008 promoveri

351 4047 504 4125 possunt.
526 4077 570 4086 -
590 4036 733 4102 Constat
755 4059 762 4105 :

385 4189 394 4224 ¹
411 4189 479 4236 Vide
495 4191 612 4244 testum,
625 4186 651 4234 in
664 4186 755 4249 lingua
770 4187 873 4242 italica,
885 4187 964 4248 hujus
979 4184 1172 4234 instructionis
1190 4187 1262 4248 apud
1273 4189 1339 4234 Acta
1351 4187 1377 4234 S.
1388 4187 1473 4245 Sedis,

352 4270 371 4316 t.
393 4281 454 4322 sss,
475 4281 501 4328 p.
522 4269 579 4323 638;
604 4291 633 4300 -
655 4265 804 4313 versionem
830 4264 939 4312 latinam
964 4263 1036 4325 apud
1061 4263 1201 4326 Gasparri,
1224 4263 1262 4311 De
1286 4264 1473 4320 ordinatione.

352 4359 377 4390 n.
395 4347 448 4398 stt,
465 4347 483 4391 t.
500 4359 521 4400 1,
537 4357 563 4405 p.
580 4347 634 4390 353.
