3246 5052
362 496 406 546 DE
426 495 635 553 REPARANDIS
655 495 911 548 ORDINATIONUM
930 499 1131 548 DEFECleUS
1259 498 1310 549 575

183 638 288 703 dubia
308 638 491 703 omissione
511 638 608 718 ritus,
632 645 669 702 ut
689 661 790 726 supra
809 639 1003 705 audivimus
1024 665 1043 704 a
1064 641 1097 706 S.
1116 641 1307 728 Alphonso.

228 753 265 816 20
284 750 319 817 Si
346 753 558 840 supplendus
584 753 628 817 sit
653 753 739 818 ritus
765 754 965 836 essentialis,
988 762 1021 818 et
1055 755 1130 819 ideo
1157 756 1310 821 iteranda

183 869 228 933 sit
261 865 428 932 ordinatio
452 867 620 950 absolute,
647 867 756 954 major
779 873 831 964 eust
854 867 1054 950 difficultas,
1081 892 1143 933 nec
1166 893 1227 956 pro
1247 869 1311 934 hoc

183 981 323 1070 praeoiso
347 1003 443 1061 casu,
471 979 542 1045 ulla
567 979 681 1068 (quod
700 980 820 1067 sciam)
841 988 936 1046 extat
969 983 1004 1047 S.
1034 981 1143 1046 Officii
1170 983 1308 1048 decisio.

184 1095 380 1160 Putaverim
407 1101 521 1159 tamen
545 1093 636 1158 idem
662 1093 860 1174 dicendum,
886 1101 960 1158 turn
984 1095 1063 1182 quia
1086 1085 1310 1161 ratio'eadem

183 1217 248 1280 cst,
265 1216 339 1274 tum
354 1209 433 1296 quia
447 1210 520 1295 jam
541 1207 753 1273 satisfactum
766 1216 819 1274 est
838 1209 906 1295 legi
922 1209 964 1274 de
983 1209 1141 1297 episcopo
1159 1211 1307 1298 proprio,

229 1437 325 1506 305.
341 1475 385 1484 -
398 1437 456 1504 De
475 1435 567 1504 aliis
585 1436 799 1524 adjunctis.
821 1474 863 1487 -
884 1439 914 1500 1.
938 1435 1081 1514 Quando
1101 1437 1238 1501 omissio
1259 1445 1311 1503 est

184 1551 327 1631 occulta,
350 1558 408 1615 aut
428 1550 528 1615 aliter
546 1549 658 1613 timeri
681 1549 791 1636 possit
815 1549 1030 1632 scandalum,
1052 1557 1111 1615 aut
1130 1551 1310 1615 admiratio

183 1664 352 1746 fidelium,
374 1670 432 1730 aut
451 1664 598 1728 aliorum
617 1663 816 1728 clericorum
836 1663 1002 1744 turbatio,
1023 1664 1157 1729 iteratio
1176 1664 1311 1729 ordina·
1383 1657 1386 1664 ’

182 1779 286 1844 tionis
305 1779 378 1844 fieri
398 1778 499 1842 debet
517 1787 655 1862 secreto,
676 1785 715 1842 ut
735 1777 939 1866 respondere
958 1778 1046 1843 solet
1056 1779 1090 1843 in
1104 1779 1156 1844 his
1176 1777 1310 1844 casibus

184 1894 218 1961 S.
242 1891 400 1958 Officium
431 1892 488 1980 (cs.
511 1917 629 1957 omnes
656 1916 758 1979 supra
778 1893 835 1957 cit.
858 1892 1078 1981 decisiones),
1107 1901 1142 1958 et
1165 1893 1252 1974 ideo,
1275 1894 1311 1957 ni

183 2007 294 2088 fallor,
317 2007 390 2072 fieri
408 2013 523 2095 potest
542 2007 576 2071 in
597 2007 722 2072 sacello
742 2007 890 2094 privato;
912 2047 957 2055 -
976 2007 1007 2072 2.
1031 2005 1205 2096 Quidquid
1224 2007 1311 2072 dixit

183 2150 285 2214 supra
305 2126 353 2213 (n.
377 2127 473 2210 303,
493 2127 544 2216 4⁰)
563 2126 598 2193 S.
620 2127 838 2214 Alphonsus,
856 2127 885 2191 si
905 2133 976 2192 tota
995 2127 1162 2192 ordinatio
1182 2128 1227 2192 sit
1247 2127 1311 2192 sub

183 2241 382 2307 condicione
396 2241 560 2323 iteranda,
579 2265 647 2306 non
663 2248 796 2306 tantum
812 2241 1021 2328 adimplendi
1040 2249 1119 2306 sunt
1143 2242 1230 2308 ritus
1252 2249 1310 2306 aut

183 2355 418 2421 solemnitates
444 2355 487 2420 ad
510 2355 662 2420 valorem
688 2354 911 2420 ordinationis
935 2354 1156 2443 probabiliter
1188 2378 1308 2420 neces-

184 2470 279 2550 sarii,
302 2469 362 2534 sed
391 2469 495 2534 etiarn
521 2492 635 2534 omnes
658 2469 738 2552 atii,·
760 2467 846 2532 nihil
874 2469 964 2534 enim
991 2467 1033 2532 ab
1060 2469 1123 2533 hcc
1147 2491 1308 2534 excusare

183 2590 317 2672 potest;
340 2589 490 2648 ceterum
516 2605 604 2646 nova
629 2582 795 2647 ordinatio
820 2583 892 2647 fieri
913 2589 1025 2671 potest
1053 2606 1156 2671 quam
1178 2583 1310 2670 simpli-

184 2721 332 2763 crssrme.
