3290 5060
415 499 532 552 sunna
550 499 726 550 DOCTRINAE
744 497 935 550 CATIIOLICAE
953 500 997 551 DE
1016 499 1195 552 ORDINIBUS
1332 504 1366 556 77

240 665 466 710 sacnannrns.
484 642 627 710 -Inde
646 642 715 710 Leo
730 641 829 725 XIII,
851 649 961 710 const.
977 643 1179 730 Apostolicae
1198 668 1299 732 curae,
1316 647 1363 716 id.

239 766 327 848 sept.
351 781 406 825 an.
430 757 529 841 1896,
552 757 783 824 ordinationes
807 756 1006 845 anglicanas
1029 757 1142 824 irritas
1161 759 1363 846 declaravit,

238 897 279 938 ee
298 875 432 960 defectu
451 877 573 958 forme
592 880 624 938 et
643 873 869 938 intentioaie¹.

282 989 548 1054 Demonstratur
572 992 687 1053 autem
711 986 897 1075 propositio
924 985 993 1053 fere
1019 986 1118 1053 unico
1145 995 1362 1076 argumento,

237 1125 361 1191 nempe
385 1102 567 1166 traditione
589 1101 745 1166 Ecclesia
752 1119 767 1184 ;
791 1123 869 1166 cum
893 1101 984 1166 enim
1007 1100 1149 1166 effectus
1173 1125 1364 1170 sacramen-

237 1223 367 1298 torum,
388 1221 423 1280 et
441 1219 601 1280 notanter
619 1213 763 1296 ordinis,
785 1214 914 1302 dequo
938 1214 1063 1302 agitur,
1086 1213 1260 1283 exclusive
1279 1240 1364 1305 pen-

237 1329 317 1394 deat
331 1351 350 1394 a
365 1328 543 1393 voluntate
557 1327 702 1408 Christi,
717 1349 837 1416 parum
852 1327 969 1394 valent
984 1334 1185 1416 argumenta
1198 1351 1216 1394 e
1232 1329 1363 1397 ratione

237 1443 385 1508 humana
404 1441 617 1530 deprompta.
640 1441 771 1508 Porro:

283 1559 316 1622 1⁰
341 1556 492 1621 Traditio
516 1554 615 1620 nobis
639 1553 777 1620 exhibet
801 1561 1013 1621 sacramenta
1036 1561 1200 1645 tanquam
1219 1559 1363 1644 propria

237 1672 268 1735 ui
295 1679 328 1736 et
355 1671 555 1756 efficacitate
583 1670 793 1753 constentia‚·
822 1669 913 1735 unde
942 1692 1060 1736 eorum
1087 1669 1269 1738 efficacitas
1294 1695 1362 1738 non
1451 1723 1460 1738 .

235 1784 362 1873 pendet
387 1807 407 1849 a
432 1782 619 1872 probitate,
645 1805 707 1848 neo
734 1805 753 1846 a
779 1781 862 1864 fide,
888 1805 951 1848 neo
977 1806 997 1849 a
1022 1783 1175 1872 legitima
1201 1785 1362 1851 missione

236 1897 518 1980 ministrantium,
540 1896 620 1986 quia
639 1895 768 1962 Christi
786 1902 879 1978 sunt,
900 1895 979 1985 quia
999 1897 1156 1963 Christus
1175 1897 1222 1963 ibi
1240 1899 1362 1987 princi-

234 2013 358 2100 paliter
383 2017 553 2101 operatur.
580 2010 655 2076 Hoc
681 2010 806 2098 saepius
832 2033 935 2099 supra
958 2010 1167 2094 audivimuS,
1193 2013 1361 2102 praecipue

235 2127 323 2192 eirca
349 2125 559 2214 baptismum
586 2130 620 2190 et
639 2123 810 2206 ordinem,
832 2123 874 2190 ab
894 2124 1119 2212 Hieronymo,
1145 2126 1358 2215 Augustino,

235 2239 346 2306 Leone
365 2239 420 2330 (n.
444 2239 528 2324 18).
545 2237 693 2303 -Hinc
717 2237 810 2302 aliud
834 2236 963 2303 iactum
986 2238 1078 2326 quod
1101 2239 1200 2305 nobis
1224 2240 1361 2307 exhibet

240 2355 407 2437 Traditio,
433 2375 556 2440 nempe
580 2351 788 2441 baptismum
811 2357 846 2416 et
869 2351 1040 2434 ordinem,
1061 2353 1165 2419 etiam
1188 2353 1231 2418 ab
1253 2355 1360 2420 haere-

234 2469 311 2535 ticis
329 2475 389 2534 aut
408 2467 483 2533 aliis
502 2465 667 2532 ministris
686 2464 848 2548 collatos,
870 2487 940 2530 non
959 2463 1063 2532 fuisse
1081 2466 1246 2535 iteratos:
1268 2470 1359 2557 quod

233 2584 336 2649 etiam
350 2587 522 2648 testantur
541 2581 644 2646 iidem
657 2579 789 2660 Patres,
801 2587 841 2645 ut
860 2602 962 2667 supra
974 2579 1093 2646 eodem
1108 2579 1182 2646 loco
1197 2581 1356 2650 vidimus.

276 2697 313 2762 2⁰
333 2697 413 2762 Haec
439 2695 590 2760 Traditio
614 2692 746 2760 illibata
765 2699 799 2759 et
817 2693 907 2759 clara
926 2693 1114 2783 permansit
1131 2717 1192 2782 per
1210 2696 1359 2784 quinque

232 2813 344 2901 priora
365 2809 504 2890 saecula,
525 2808 594 2873 imo
617 2830 726 2896 usque
750 2807 794 2872 ad
817 2829 947 2873 nonum
971 2806 1040 2873 iere
1065 2808 1245 2892 saeculum3
1267 2811 1358 2898 quod

232 2931 366 2992 constat
385 2948 428 2990 ex
446 2923 545 2989 lactis
559 2921 729 2987 historicis
749 2944 852 3010 supra
871 2921 1055 3008 expositis;
1077 2941 1182 2988 nam:
1206 2922 1236 2988 l.
1255 2923 1358 2990 Reor-

232 3039 423 3106 dinationes
435 3037 576 3105 loannis
596 3035 798 3102 Scholastici
812 3035 954 3126 (saeculo
969 3034 1018 3124 vr)
1036 3057 1106 3100 non
1121 3042 1278 3124 spectant
1292 3038 1357 3103 nisi

232 3177 334 3244 quam
360 3153 536 3218 minimam
559 3150 720 3216 Ecclesiae
746 3156 894 3238 partem,
921 3155 955 3215 et
982 3149 1120 3214 aliunde
1150 3151 1359 3218 suscitarunt

231 3268 381 3350 vividas,
402 3273 477 3333 tum
496 3287 539 3332 ex
557 3271 653 3354 parte
673 3261 933 3344 catholicorum,
955 3269 1027 3330 tum
1049 3286 1091 3328 ex
1110 3271 1206 3352 parte
1226 3265 1358 3332 haereti-

231 3405 364 3464 corum,
390 3378 671 3469 protestationes;
698 3415 743 3426 -
766 3377 799 3444 2.
826 3375 948 3456 Quoad
970 3376 1239 3444 reordinationes
1263 3379 1357 3445 cleri-

231 3519 348 3561 corum
366 3516 386 3559 a
405 3491 631 3560 Constantino
649 3491 806 3557 invasore
826 3491 1073 3582 ordinatorum,
1095 3491 1355 3579 explicationem

231 3618 265 3677 et
277 3608 532 3675 excusationem
544 3604 671 3671 habent
683 3605 718 3670 in
730 3605 790 3670 illo
803 3603 971 3694 stupendo
985 3611 1020 3670 et
1032 3604 1142 3670 adhuc
1156 3605 1192 3670 in
1202 3606 1356 3672 Romana

232 3723 384 3790 Ecclesia
406 3720 560 3788 inaudito
584 3719 727 3802 scelere,
750 3741 872 3807 nempe
896 3717 1084 3784 invasionis
1103 3717 1200 3784 Sedis
1219 3726 1355 3810 aposto-

230 3838 323 3918 Iicae3
345 3836 437 3926 quod
459 3857 587 3902 novum
606 3831 736 3899 facinus
759 3855 866 3898 novas
884 3854 1004 3920 poenas
1028 3833 1244 3921 expostulare
1261 3833 1355 3899 vide-

231 3949 348 4034 batur3
386 3957 537 4017 ceterum
565 3969 634 4012 non
666 3946 734 4012 nisi
763 3945 959 4035 paucissimi
993 3945 1123 4012 clerici'
1140 3947 1354 4014 iterationem

231 4065 482 4132 ordinationum
501 4061 593 4152 passi
612 4067 703 4127 sunt.

264 4300 272 4336 ¹
290 4299 387 4350 Leonis
398 4296 463 4348 XIII
477 4299 558 4360 Acta,
575 4296 681 4356 Romae,
698 4298 718 4348 t.
733 4311 792 4357 xvi,
808 4300 877 4358 1892,
893 4311 920 4360 p.
937 4299 982 4344 266
997 4309 1037 4359 sq.
