3248 5052
353 463 405 518 606
709 465 752 515 DE
771 463 876 514 sacua
895 464 1122 515 OllDlNATlONE

353 607 383 666 id
396 607 564 686 designatis
578 605 704 666 minime
719 606 860 678 servatis,
875 606 959 666 ultro
976 605 1072 666 Nobis
1087 607 1308 688 proposuimus
1322 609 1477 669 adhiben-

351 704 422 764 dam
439 704 608 776 rationem,
620 723 682 784 qua
697 701 842 762 videlicet
857 709 995 776 servata,
1009 709 1081 762 ante
1096 705 1240 764 meritum
1256 705 1386 778 laboris,
1400 715 1477 766 ante

351 809 473 882 tempus
502 799 666 872 examinis,
699 807 771 860 ante
799 800 1021 880 experientiam
1051 799 1239 880 disciplinae,
1272 802 1477 863 sacerdotalis

350 897 451 958 honor
464 917 525 956 non
541 896 679 976 probatis
692 895 819 954 minime
833 896 998 966 tribuatur,
1015 917 1222 978 necunquam
1236 897 1301 957 heri
1317 899 1474 978 sacrilegi,

350 993 441 1054 bodie
459 992 653 1064 sacerdotes,
672 991 737 1051 heri
758 991 897 1072 profani,
915 991 1007 1052 hodie
1022 1013 1181 1052 sacrorum
1197 995 1367 1068 antistites,
1385 1005 1477 1056 vete-

348 1113 397 1151 res
415 1091 507 1158 vitio,
525 1089 641 1148 virtute
661 1087 754 1148 rudes
774 1095 805 1148 ct
824 1095 978 1158 recentes,
995 1088 1140 1169 discipuli
1156 1089 1265 1163 simul,
1282 1111 1318 1152 ao
1332 1092 1473 1171 magistri

349 1186 472 1268 pictatis
491 1191 655 1256 creentur3
676 1183 730 1242 sed
749 1183 770 1242 ii
790 1191 928 1256 tantum,
946 1185 1036 1265 juxta
1057 1185 1243 1246 constitutas
1263 1207 1279 1245 a
1299 1186 1474 1266 majoribus

348 1283 446 1360 leges,
463 1281 502 1340 ab
517 1280 627 1340 humili
643 1280 740 1358 gradu
756 1279 856 1339 fidelis
876 1279 983 1361 populi
999 1280 1036 1340 ad
1053 1301 1210 1340 sacrarum
1225 1281 1474 1343 administratio-

347 1399 421 1439 num
445 1377 668 1438 sublimitatem
694 1385 950 1456 promoveantur,
975 1376 1030 1457 qui
1053 1385 1125 1458 post
1148 1387 1302 1438 mutatum
1327 1378 1471 1439 habitum

346 1475 523 1536 saecularem
540 1472 687 1532 diuturna
702 1472 940 1532 conversatione
954 1473 1037 1532 inter
1051 1473 1180 1534 clericos
1195 1475 1311 1534 luerint
1326 1496 1474 1557 compro·

346 1572 425 1644 bati,
442 1591 478 1630 ae
492 1569 593 1629 multo
609 1577 749 1649 tempore
764 1567 944 1642 didicerint,
962 1589 1031 1650 quae
1047 1571 1248 1649 postmodum
1263 1571 1341 1632 alios
1355 1571 1471 1632 docere

344 1675 501 1728 tenentur.

384 1763 529 1824 Ceterum
547 1783 602 1842 per
616 1781 651 1820 ea
666 1761 732 1841 ipsa
748 1759 879 1832 indulta,
892 1781 962 1842 quae
977 1783 1071 1842 super
1085 1764 1252 1842 praemissis
1268 1764 1389 1844 parcius
1403 1765 1470 1846 qui·

343 1860 429 1932 dem,
443 1879 478 1918 ac
493 1879 529 1917 ex
545 1857 638 1916 certis
650 1864 771 1916 tantum
787 1864 817 1916 et
829 1857 926 1936 magis
938 1858 1175 1919 rationabilibus
1185 1861 1286 1920 causis
1295 1860 1469 1921 concedere

342 1955 554 2020 decrevimus
582 1953 737 2012 contraria
764 1954 874 2034 quavis
896 1953 1022 2014 illorum
1053 1955 1311 2037 interpretatione
1341 1958 1469 2036 penitus

342 2049 527 2131 improbata,
543 2048 708 2108 salutarem
723 2048 819 2122 illam,
834 2069 928 2129 quam
944 2051 1022 2110 sacri
1037 2051 1190 2130 generalis
1205 2053 1378 2113 Tridentini
1392 2074 1469 2114 con·

341 2147 403 2208 cilii
418 2145 542 2205 decreta
558 2145 596 2204 de
617 2165 679 2204 non
698 2143 881 2204 ordinandis
900 2145 939 2206 ad
959 2148 1138 2227 patrimonii
1159 2149 1285 2210 titulum
1306 2149 1365 2209 nisi
1384 2149 1464 2222 illis,

341 2263 420 2323 quos
435 2241 573 2322 episcopi
588 2261 644 2320 pro
662 2241 845 2300 necessitate
867 2241 916 2301 vel
936 2243 1158 2304 commoditate
1173 2265 1299 2306 suarum
1319 2246 1466 2307 ecclesia-

341 2359 409 2399 rum
430 2336 631 2398 assumendos
648 2336 873 2418 judicaverint,
894 2339 1100 2419 praescribunt
1114 2341 1326 2422 disciplinam,
1348 2363 1466 2424 nequa-

340 2456 432 2516 quam
449 2435 617 2494 relaxatam
633 2433 781 2512 intelligi;
794 2433 935 2514 quinimo
949 2456 1154 2518 necunquam
1168 2438 1205 2497 ad
1222 2437 1343 2500 indulta
1354 2438 1464 2522 hujus-

340 2531 424 2592 modi
436 2529 632 2610 exsequenda
648 2529 812 2610 episcopos
826 2529 910 2610 ipsos
926 2539 1060 2605 arctare,
1078 2531 1131 2592 sed
1146 2533 1272 2594 illorum
1287 2537 1464 2598 exsecutio-

339 2649 408 2688 nem
421 2627 549 2686 arbitrio
560 2647 681 2705 semper
691 2625 871 2685 eorumdem
879 2627 1107 2708 episcoporum,
1115 2634 1464 2712 quorumoonscientias

338 2725 396 2784 hac
407 2725 438 2782 in
449 2745 481 2782 re
493 2723 687 2782 strictissime
698 2729 842 2781 oneratas
854 2723 1021 2798 voluimus,
1034 2747 1161 2804 prorsus
1172 2727 1346 2810 relinquere
1357 2729 1463 2792 decla-

338 2821 492 2890 ravimus3
508 2825 668 2898 sperantes
681 2819 712 2876 in
726 2819 861 2878 Domino
875 2840 943 2894 eos,
958 2821 1010 2902 qui
1020 2869 1027 2896 ,
1039 2823 1130 2903 juxta
1143 2825 1275 2905 apostoli
1288 2829 1461 2906 monitum,

338 2917 452 2975 nemini
473 2917 536 2974 cito
556 2935 664 2974 manus
683 2915 888 2995 imponendas
909 2937 975 2976 esse
995 2918 1091 2998 probe
1112 2930 1244 2995 norunt,
1265 2923 1323 2982 sibi
1342 2931 1374 2983 et
1393 2927 1464 2985 uni-

336 3033 427 3072 verso
451 3011 535 3088 gregi
560 3009 771 3084 attendentes,
797 3011 828 3069 in
857 3033 920 3093 quo
946 3034 999 3074 eos
1027 3015 1133 3094 posuit
1162 3017 1295 3098 Spiritus
1327 3019 1462 3082 Sanctus

336 3129 442 3186 regere
460 3107 627 3166 Ecclesiam
649 3107 721 3178 Dei,
739 3108 910 3168 reverenda
929 3107 1004 3189 ipsis
1024 3111 1185 3190 spiritibus
1205 3114 1352 3193 angelicis
1368 3117 1462 3177 mini-

336 3205 428 3263 steria
450 3204 488 3263 ab
511 3201 688 3262 hominibus
714 3202 779 3262 sine
806 3204 1055 3266 consideratione
1082 3209 1273 3290 apprehendi
1299 3233 1461 3295 nunquam

335 3301 555 3382 permissuros,
584 3319 640 3358 nec
666 3306 782 3358 temere
806 3301 931 3381 praeripi
955 3321 1116 3380 passuros,
1143 3327 1213 3386 quoe
1241 3308 1303 3368 vita
1326 3309 1461 3388 probata

335 3396 496 3455 dumtaxat
510 3393 649 3474 accipere
664 3403 871 3473 promeretur.

375 3491 489 3550 Omnes
505 3490 631 3569 insuper
645 3495 677 3548 et
691 3489 841 3568 singulos,
858 3491 1083 3576 cujuscumque
1096 3495 1221 3556 tandem
1235 3498 1359 3577 gradus,
1375 3501 1461 3561 ordi-

334 3587 381 3646 nis
403 3593 434 3645 et
455 3584 615 3662 dignitatis
637 3584 769 3659 luerint,
793 3587 906 3668 quibus
928 3609 966 3648 ex
987 3588 1082 3672 hujus
1104 3592 1226 3653 Sancte
1247 3595 1335 3655 Sedis
1356 3599 1460 3675 gratia

334 3702 436 3742 sacros
459 3679 583 3740 ordines
606 3680 753 3760 praelalos
774 3691 862 3743 extra
886 3685 993 3744 eadem
1020 3695 1161 3768 tempora
1184 3691 1381 3768 conserendi,
1408 3695 1459 3755 vel

333 3779 415 3849 aliis,
433 3785 467 3836 ut
483 3776 553 3835 illos
569 3777 612 3835 sic
628 3775 772 3836 conlerre
787 3779 927 3852 valeant,
943 3782 1125 3862 indulgendi
1141 3793 1278 3866 potestas
1298 3789 1365 3848 fieri
1383 3810 1460 3852 con-

331 3875 448 3945 suevit,
470 3893 541 3931 cum
560 3871 684 3932 divinos
704 3873 828 3934 ordines
848 3875 952 3956 largiri
971 3877 1105 3939 districti
1125 3903 1247 3964 semper
1264 3905 1332 3945 esse
1342 3885 1458 3966 judicii

331 3978 484 4052 oporteat,
507 3969 586 4028 serio
608 3969 743 4029 monitos
766 3971 939 4046 voluimus,
961 3981 995 4034 ut
1017 3979 1216 4058 praescriptos
1239 3980 1298 4040 sibi
1319 3981 1459 4066 desuper

329 4069 360 4126 in
385 4067 448 4127 suis
472 4066 604 4147 quisque
626 4065 828 4127 facultatibus
850 4070 998 4130 terminos
1018 4071 1161 4152 religiose
1180 4076 1375 4154 custodiant,
1398 4102 1458 4144 nec

329 4183 392 4237 eas,
422 4163 561 4243 cujusvis
589 4162 824 4223 consuetudinis
852 4173 906 4225 aut
932 4168 1064 4249 exempli
1094 4179 1264 4250 praetextu,
1295 4174 1457 4240 ullatenus

330 4259 606 4338 transgrediantur.
