3270 5050
365 476 481 527 SUMMA
499 476 677 528 DOCTRINAE
694 478 885 530 CATIIOLICAE
903 477 950 528 DE
966 477 1147 529 ORDINIBUS
1286 474 1321 526 ‘l‘l

190 621 325 686 simtico
345 621 533 704 inuentam,
549 622 594 686 ad
612 623 780 708 quasdam
797 621 1006 706 functiones,
1022 619 1176 708 proiecto
1192 627 1318 702 errant,

194 735 379 823 laventque
401 733 740 822 presbyterianismo,
762 735 889 824 quippe
907 735 966 824 qui
989 742 1116 822 negent
1133 757 1253 800 verum
1272 733 1323 798 di-

190 851 342 914 scrimen
361 849 525 930 existere,
543 851 629 936 jure
648 851 779 932 divino,
800 849 889 914 inter
911 849 1108 936 episcopum
1126 855 1160 914 et
1183 847 1323 936 presby-

193 972 330 1029 terum:
351 965 444 1052 quod
467 971 522 1029 est
543 971 659 1050 aperte
682 972 800 1030 contra
823 964 1041 1028 traditionem
1064 986 1166 1051 supra
1190 962 1323 1050 exposi-

192 1085 277 1144 tam.
299 1078 427 1142 Verum
452 1079 551 1142 multi
577 1101 619 1142 ex
645 1079 746 1144 dictis
771 1077 983 1160 auctoribus,
1008 1077 1090 1144 licet
1112 1077 1228 1144 dicant
1253 1076 1323 1164 epi-

188 1199 373 1279 scopatum
398 1215 467 1256 non
496 1215 570 1257 esse
596 1192 750 1257 ordinem
776 1215 887 1280 neque
911 1197 1177 1272 sacramentum,
1204 1197 1325 1256 tenent

191 1313 328 1388 tamen,
348 1329 409 1394 per
427 1307 717 1372 consecrationem
736 1306 980 1395 episcopalem,
1001 1329 1080 1370 vere
1100 1306 1172 1371 dari
1191 1329 1211 1370 a
1231 1305 1320 1386 Deo,

190 1427 229 1484 et
246 1419 391 1507 proinde
403 1421 489 1506 jure
507 1422 637 1505 divino,
659 1427 866 1508 potestatem
884 1420 928 1485 ad
946 1419 1101 1508 quaedam
1119 1443 1210 1484 nova
1228 1442 1322 1484 exer-

188 1541 319 1622 cenda,
345 1563 469 1628 nempe
493 1541 616 1605 saItem
640 1541 683 1606 ad
706 1542 915 1628 peragendas
938 1563 1051 1605 sacras
1071 1541 1320 1620 ordinationes3

192 1655 286 1718 unde
309 1655 429 1720 dicunt
451 1655 568 1742 plures
591 1679 634 1720 ex
658 1654 745 1736 illis,
770 1677 839 1720 non
862 1655 1001 1743 quidem
1024 1655 1172 1741 imprimi
1196 1677 1322 1719 novum

190 1768 442 1850 characterem,
464 1791 527 1834 nec
552 1791 678 1834 novam
696 1769 769 1834 dari
788 1775 1009 1856 potestatem,
1039 1769 1099 1833 sed
1122 1775 1324 1854 potestatem

184 1884 269 1968 jam
295 1883 413 1946 datam
438 1883 600 1968 ampliari
626 1883 691 1972 (ita
717 1883 753 1948 S.
780 1883 1035 1964 Bonaventura,
1063 1883 1136 1948 loe·
1151 1884 1242 1970 cia),
1268 1882 1324 1946 vel

193 2001 402 2084 potestatem
421 1997 649 2084 episcopalem
665 2019 730 2061 non
746 2019 813 2061 esse
834 2004 967 2060 tantum
980 1996 1250 2083 jurisdictionis,
1266 1996 1324 2060 aed

192 2111 298 2173 etiam
318 2111 448 2175 ordinis
468 2109 546 2196 (ita,
565 2112 627 2176 loc.
643 2111 715 2194 cit,
734 2111 776 2176 D.
791 2109 964 2196 Thomas).
982 2110 1053 2174 Alii
1072 2117 1186 2174 autern
1206 2109 1325 2174 dicunt

190 2224 432 2311 episcopatum
450 2247 519 2288 non
543 2247 619 2289 esse
637 2224 775 2312 quidem
799 2225 866 2289 nisi
883 2225 1150 2310 (temtationem,
1172 2224 1325 2288 denomi-

194 2339 384 2422 nationem,
412 2339 610 2402 relationem
633 2341 872 2422 eatrinsecam,
894 2339 954 2403 sed
978 2338 1108 2402 addunt
1131 2346 1189 2403 aut
1212 2338 1325 2402 inten-

193 2450 283 2516 dunt
302 2451 390 2517 banc
410 2452 665 2540 deputationem
684 2455 761 2538 fieri
779 2477 798 2517 a
813 2454 898 2537 Deo,
917 2454 964 2518 ita
984 2460 1022 2518 ut
1036 2453 1215 2541 episcopus
1234 2475 1325 2538 qua·

193 2566 278 2628 dam
298 2588 382 2629 nova
402 2567 510 2650 possit
528 2571 659 2650 facere,
678 2569 765 2652 jure
783 2567 912 2649 diuino,
935 2589 1011 2652 qua
1030 2589 1097 2630 non
1117 2574 1229 2650 polest
1244 2587 1325 2650 pre-

192 2679 327 2764 sbyter.
350 2679 455 2743 Porro
480 2679 534 2742 hae
551 2679 728 2767 opiniones
752 2680 801 2744 sic
826 2679 1008 2744 intellectae
1032 2679 1118 2743 nihil
1142 2679 1326 2744 detrabunt

197 2793 389 2872 traditioni,
411 2793 511 2880 juxta
531 2816 633 2880 quam
651 2815 771 2858 verum
796 2793 885 2858 inest
908 2794 1090 2858 discrimen
1110 2794 1186 2880 jure
1210 2792 1325 2856 divino

197 2906 288 2970 inter
309 2907 510 2994 episcopum
531 2915 566 2972 et
589 2906 843 2995 presbyterum,
869 2929 932 2972 nec
958 2906 1102 2972 coneilio
1127 2905 1326 2971 Tridentino

196 3021 247 3084 sic
267 3020 362 3106 (ean.
385 3021 422 3102 6,
445 3044 531 3085 sess.
555 3021 684 3102 XXIII,
707 3021 758 3085 De
777 3021 912 3110 ennius)
932 3021 1135 3086 definienti:
1158 3049 1174 3080 a
1195 3021 1231 3086 Si
1250 3021 1327 3108 quis

195 3134 323 3198 dixerit
346 3135 381 3198 in
409 3135 560 3199 Ecclesia
585 3135 751 3200 catholica
776 3157 844 3199 non
870 3157 944 3200 esse
965 3136 1194 3199 hierarchiam
1213 3135 1325 3198 divina

194 3250 411 3324 ordinatione
435 3250 644 3333 institutam,
665 3273 740 3335 qua
764 3257 893 3314 constal
917 3273 958 3312 eor
981 3251 1157 3335 episcopia,
1179 3250 1326 3334 presby-

196 3364 280 3426 teris
305 3369 340 3426 et
365 3361 550 3443 ministris,
579 3363 759 3428 anathema
788 3364 843 3427 sit.
875 3391 891 3424 »
921 3363 982 3426 IIae
1009 3369 1122 3427 tamen
1149 3361 1326 3450 opiniones

197 3476 360 3540 videntur
380 3499 454 3540 esse
479 3477 592 3541 minus
615 3476 825 3565 probabiles,
848 3476 915 3540 nisi
938 3477 1040 3541 etiam
1060 3477 1248 3541 concedant
1267 3483 1328 3540 aut

196 3597 394 3678 supponant
425 3590 673 3655 ordinationem
705 3590 931 3680 episcopalem
960 3613 1034 3654 esse
1061 3591 1182 3654 sallem
1210 3589 1327 3675 aliquo

198 3705 299 3768 modo
317 3704 609 3770 sacramentalem.

243 3933 340 4000 7.-
360 3933 393 3998 3⁰
414 3932 543 3996 Ultima
562 3933 801 3998 controuersia.
814 3971 858 3980 -
872 3932 952 3996 Haec
972 3932 1202 3996 controversia
1221 3929 1326 3994 verti-

197 4051 254 4111 tur
273 4046 363 4112 inter
381 4053 545 4134 patronos
563 4045 680 4134 primae
699 4047 870 4133 opinionis
889 4069 990 4132 supra
1009 4046 1062 4132 (n.
1084 4044 1130 4134 6)
1149 4044 1324 4132 expositae,

193 4160 294 4247 juxta
314 4183 417 4249 quarn
437 4159 653 4248 episcopatus
672 4167 706 4225 et
729 4159 984 4256 presbyteratus
1004 4167 1085 4224 sunt
1104 4159 1171 4223 duo
1190 4157 1327 4222 ordines

160 4365 163 4372 Ι
198 4280 235 4338 et
252 4273 321 4338 duo
340 4281 552 4338 sacramenta
573 4274 672 4362 plane
693 4274 735 4339 ab
754 4275 900 4339 invicem
919 4273 1092 4339 distincta.
1115 4273 1243 4337 Porro:
