3246 5052
331 493 383 544 542
668 491 712 540 DE
732 491 860 541 nlrtuus
881 491 1117 542 onulnmonls

331 645 483 702 mentum
502 659 544 700 ex
567 657 784 699 romanorum
805 635 1009 700 Pontificum
1031 635 1144 716 Aetia,
1166 643 1200 700 et
1224 645 1455 724 consequente

329 750 568 815 consuetudine
589 772 600 814 .·

374 865 417 930 Α.
439 865 527 928 Acte
546 863 632 926 Julii
652 863 719 927 III.
746 899 788 910 -
812 861 923 928 Julius
950 861 995 927 lll
1022 863 1169 928 instituit
1193 863 1284 928 card.
1316 863 1450 944 Polum,

328 981 438 1044 virum
468 977 657 1058 nobilitate,
693 977 850 1058 scientia,
877 978 1003 1042 virtute
1037 977 1253 1065 praeclarum,
1284 1001 1383 1042 suum
1415 979 1450 1041 in

326 1071 452 1180 Anglia
467 1093 616 1179 legatum
632 1091 673 1156 ad
689 1115 773 1179 opus
788 1091 1073 1156 reconciliationis
1086 1091 1236 1156 ecclesian
1248 1091 1448 1178 anglicanae,

327 1207 420 1273 bulla
443 1209 480 1270 Si
507 1208 576 1270 utto
597 1229 749 1292 unquam
775 1217 939 1291 tempore,
972 1208 991 1270 ὅ
1016 1229 1092 1292 aug.
1123 1205 1250 1286 1553¹;
1272 1207 1447 1293 postridie,

325 1323 367 1388 ad
388 1323 545 1386 eumdem
566 1321 671 1386 mittit
691 1320 792 1384 breve
812 1321 892 1384 Post
913 1323 1084 1402 nuntium,
1107 1320 1127 1386 6
1147 1343 1225 1407 aug.
1245 1321 1364 1400 15531,
1381 1343 1449 1408 quo

325 1445 441 1501 monet
460 1435 557 1500 illum
576 1435 618 1498 de
639 1434 729 1498 bulla
751 1434 931 1520 legationis
946 1433 1174 1522 expedienda,
1195 1435 1346 1517 demum,
1367 1436 1448 1500 mis-

324 1553 371 1616 sis
391 1551 432 1614 ad
453 1573 531 1614 eum
551 1548 705 1636 pluribus
725 1549 860 1629 litteris,
883 1571 959 1637 quae
979 1571 1047 1614 non
1066 1557 1198 1630 extant,
1221 1550 1328 1614 mittit
1345 1549 1447 1614 breve

323 1667 463 1730 Dudum
487 1685 565 1727 cum
593 1663 808 1744 charissima,
839 1663 858 1728 8
886 1663 999 1728 martii
1026 1665 1130 1741 itti,
1157 1663 1192 1726 in
1219 1687 1286 1752 quo
1313 1687 1447 1728 rursum

217 1827 220 1836 ·
322 1779 462 1866 exponit
482 1778 660 1842 facultates
679 1778 847 1864 legatinas
861 1779 882 1841 ³.
905 1815 949 1825 -
965 1777 1004 1842 ln
1025 1777 1088 1841 hoc
1106 1777 1229 1842 ultimo
1248 1777 1343 1842 brevi
1363 1777 1447 1864 legi-

322 1913 423 1958 mus:
447 1919 463 1952 «
484 1889 576 1980 (Tibi
595 1891 749 1956 dedimus
765 1891 990 1972 facultatem),
1012 1891 1103 1979 quod
1133 1891 1303 1980 (praedicti
1323 1893 1358 1956 in
1379 1893 1445 1956 hae-

321 2009 422 2072 resim
449 2006 563 2094 lapsi)‚
588 2005 735 2091 bigamia
761 2013 795 2069 et
820 2005 1070 2090 irregularitate
1093 2029 1132 2070 ac
1160 2005 1237 2070 aliis
1259 2009 1445 2094 praemissis

320 2144 387 2184 non
419 2117 652 2199 obstantibus,
685 2119 719 2182 in
751 2141 869 2182 eorum
903 2118 1092 2190 ordinibus,
1128 2119 1329 2200 dummodo,
1365 2129 1444 2185 ante

319 2255 436 2298 eorum
455 2233 589 2322 lapsum
610 2234 643 2296 in
665 2233 821 2296 haeresim
841 2232 1047 2318 hujusmodi,
1063 2233 1126 2297 rite
1143 2241 1177 2297 et
1196 2233 1349 2320 legitime
1369 2257 1444 2322 pro-

319 2349 403 2412 moti
422 2349 478 2412 vel
498 2348 646 2412 ordinati
670 2347 830 2428 luissent,
853 2347 955 2412 etiam
981 2348 1015 2411 in
1035 2346 1152 2412 altaris
1171 2349 1358 2413 ministerio
1378 2349 1442 2412 mi-

317 2465 478 2542 nistrare,
514 2485 552 2526 ac
587 2485 809 2550 quaecumque
924 2461 1084 2526 beneficia
1115 2462 1278 2542 retinere3
1312 2471 1347 2529 et
1376 2485 1442 2528 non

313 2579 476 2662 promoti,
493 2577 537 2640 ad
552 2599 666 2640 omnes
681 2579 781 2640 etiam
797 2599 909 2642 sacros
927 2586 958 2640 et
974 2577 1235 2662 presbyteratus
1249 2578 1384 2641 ordines
1397 2579 1440 2642 ab

316 2713 435 2754 eorum
457 2691 663 2772 Ordinariia,
685 2671 831 2774 si'diyni
850 2699 881 2752 et
903 2691 1011 2754 idonei
1034 2693 1159 2776 reperti
1177 2693 1338 2776 suaserit,
1355 2714 1440 2776 pro-

316 2806 453 2887 moueri,
475 2828 513 2867 ac
533 2805 691 2888 beneficia
711 2804 946 2886 ecclesiastica,
967 2807 996 2868 si
1019 2807 1065 2869 eia
1084 2806 1169 2870 alias
1187 2807 1342 2870 canonice
1361 2829 1440 2870 con-

313 2923 509 3002 ferrentur,
544 2920 689 3002 recipere
717 2927 748 2980 et
781 2920 924 2983 retinere
958 2921 1123 3000 valerent,
1162 2921 1377 3005 dispensandi
1408 2932 1438 2983 et

315 3033 526 3116 indulgendi.
553 3059 567 3090 a
589 3069 632 3079 -
649 3031 754 3096 Porro
778 3053 784 3097 :

360 3151 390 3209 l.
413 3145 467 3226 Illi
487 3145 551 3208 viri
576 3169 643 3210 non
658 3148 826 3230 promoti,
849 3147 890 3210 de
912 3145 1035 3234 quihus
1055 3149 1126 3234 agit
1145 3149 1273 3230 dulim,
1295 3158 1330 3216 et
1349 3173 1437 3239 quos

312 3260 479 3346 permittit
497 3261 689 3346 promoveri
708 3260 751 3323 ad
771 3283 889 3324 omnes
917 3260 1067 3342 ordines,
1091 3271 1190 3327 erant
1214 3263 1328 3328 elerici
1353 3288 1436 3330 novo

313 3375 381 3437 ritu
406 3373 628 3437 Eduardiano
653 3375 824 3455 ordinati;
848 3393 953 3438 narn:
979 3399 1009 3439 a.
1039 3375 1109 3440 Hos
1129 3377 1270 3464 opponit
1289 3379 1359 3443 illis
1378 3382 1435 3467 qui

312 3487 444 3551 luerant
464 3489 526 3551 rite
546 3499 578 3551 et
600 3488 748 3572 legitime
767 3489 916 3553 ordinati
923 3509 937 3573 ‚·
957 3529 1000 3537 —
1022 3491 1056 3555 b.
1079 3491 1144 3555 Per
1170 3491 1234 3558 hos
1256 3493 1349 3558 viros
1369 3517 1435 3558 non

307 3609 496 3685 promotos,
530 3624 597 3665 non
627 3611 770 3689 possunt
799 3605 944 3688 intelligi
969 3607 1033 3669 viri
1063 3628 1153 3670 mere
1183 3607 1276 3692 laici,
1307 3610 1434 3697 quippe

341 3827 348 3858 ¹
368 3827 495 3885 wilkins,
513 3827 633 3875 Concilio
648 3827 752 3892 ,llagnae
768 3829 925 3888 Britannia,
943 3831 1067 3891 Londini‚
1085 3839 1154 3894 17³7,
1170 3839 1189 3884 t.
1206 3853 1240 3896 rr,
1256 3854 1281 3900 p.
1294 3843 1337 3898 87;
1355 3841 1431 3895 ibid..

309 3921 334 3968 p.
349 3910 449 3962 86-178,
466 3905 550 3953 trabes
565 3905 680 3967 plurima
695 3907 857 3957 documenta
872 3924 931 3970 quoe
947 3911 1195 3962 reconciliationem
1212 3915 1338 3966 Ecclesioe
1352 3921 1433 3982 angli-

307 3998 381 4032 canae
396 3984 438 4031 his
452 3984 543 4040 annia,
560 3989 716 4044 itta-155⁸,
733 3987 892 4048 respiciunt.
907 4013 937 4023 -
952 3987 1123 4039 Documenta
1142 4007 1203 4054 quae
1218 3997 1330 4057 propius
1344 4001 1432 4061 respi-

307 4063 381 4110 ciunt
397 4063 557 4120 legationem
573 4065 645 4110 card.
659 4063 716 4111 Poli
733 4065 816 4112 habes
832 4067 858 4112 in
874 4081 954 4128 opere
967 4065 1133 4117 Documenta
1146 4071 1181 4118 ad
1196 4071 1357 4134 legationem
1373 4077 1431 4124 Pati

305 4140 467 4201 spectantia,
486 4141 591 4198 Roma,
608 4147 677 4188 1⁸96.

338 4217 348 4250 ²
367 4217 513 4266 ltecentius
527 4223 682 4280 ropertum3
698 4223 770 4281 apud
786 4222 897 4277 Brundi,
915 4223 994 4271 llorne
1009 4227 1034 4272 et
1053 4227 1231 4290 Cantorbe'ry,
1248 4245 1273 4290 p.
1291 4237 1344 4279 231.

337 4297 347 4328 ³
366 4296 497 4349 wilkins,
515 4313 539 4358 p.
552 4302 594 4346 91:
612 4299 676 4346 item
692 4301 762 4359 apud
779 4301 823 4346 cit.
844 4317 911 4361 opus
928 4299 964 4346 lle
983 4301 1137 4352 hierarchia
1156 4307 1314 4370 anglicana.
1332 4327 1357 4372 p.
1374 4317 1429 4360 ⁸250.
