3290 5060
328 446 373 496 DE
391 445 576 497 ouulnnmo
597 446 638 496 ET
656 443 815 496 LEGlTlltO
835 443 1074 495 onulunrlolvls
1092 445 1254 496 MlNlSTllO
1321 442 1355 496 93

229 593 308 655 tetis
327 589 378 654 vel
398 589 473 674 loci,
495 589 554 654 ubi
569 589 631 654 hoe
648 597 900 654 sacramentum
920 590 1059 674 recepit,
1077 596 1111 654 et
1130 589 1179 654 sic
1199 589 1358 678 spiritua-

227 704 308 769 liter
324 709 426 768 natus
445 710 509 768 est.
527 743 571 754 -
586 703 786 768 Desnmitur
805 726 848 768 ex
867 703 966 766 Pauli
981 701 1030 768 lll
1049 701 1142 768 bulla
1162 704 1353 790 Cupientes,

228 815 266 882 21
300 816 417 880 martii
447 816 567 898 15421,
600 816 635 880 in
668 838 747 904 qua,
782 819 799 898 ᾗ
833 817 870 898 3,
905 814 947 880 de
979 815 1150 904 praedictis
1172 791 1356 885 *conversis

227 930 383 1016 loquens,
402 929 449 996 eit
467 948 476 996 :
499 957 515 990 (ι
533 929 721 996 Statuimus
740 937 779 994 ut
794 929 973 995 civitatum
991 937 1026 994 et
1041 929 1211 1013 locorum,
1228 931 1263 996 in
1282 935 1356 1021 qui·

227 1042 290 1108 bus
310 1067 406 1109 sacro
425 1043 596 1131 baptismo
611 1067 673 1132 pro
689 1050 843 1132 tempore
863 1043 1165 1131 regenerabuntur,
1183 1068 1258 1111 vere
1272 1047 1358 1112 cives

225 1158 305 1240 sint,
327 1166 360 1222 et
374 1159 581 1244 privilepiis,
604 1181 642 1222 ae
662 1158 894 1242 libertatibus,
916 1166 948 1222 et
968 1159 1259 1245 immunitatibus,
1281 1184 1356 1248 quae

227 1271 286 1336 elii
311 1272 442 1336 ratione
466 1272 652 1336 nativitatis
674 1280 707 1336 et
730 1273 872 1357 oripinis
895 1272 1064 1340 duntaxat
1087 1283 1354 1361 consequuntur,

226 1386 411 1470 pendeant.
436 1412 453 1446 n
479 1384 566 1451 Cum
590 1408 671 1472 ergo
698 1408 805 1450 unum
835 1408 878 1450 ex
901 1384 1035 1473 juribus
1061 1393 1121 1452 sut
1149 1388 1355 1476 privilegiis,

227 1521 304 1587 quse
328 1521 392 1564 nos
419 1499 661 1587 consequimur
683 1522 725 1564 ex
750 1506 866 1564 nostra
891 1499 1069 1564 nativitate
1093 1501 1150 1566 vel
1174 1501 1302 1588 origine
1322 1503 1357 1568 in

228 1613 291 1678 tali
314 1613 452 1678 civitate
475 1613 532 1678 vel
555 1614 643 1696 loeo,
665 1613 711 1678 sit
730 1614 786 1702 jus
809 1613 948 1700 petendi
971 1613 1109 1679 ordines
1132 1614 1174 1680 ab
1198 1617 1356 1705 episeopo

229 1727 329 1814 hujus
347 1726 432 1805 loci,
452 1727 607 1816 sequitur
624 1728 805 1816 praedictos
830 1750 1014 1793 conversos
1032 1727 1091 1814 jus
1112 1728 1214 1793 etiam
1234 1728 1357 1796 habere

227 1840 367 1928 petendi
386 1841 522 1907 ordines
542 1841 584 1906 ab
604 1842 763 1930 episcopo
783 1841 932 1907 civitatis
950 1842 1006 1906 vel
1025 1841 1107 1923 loci,
1129 1843 1165 1908 in
1184 1867 1251 1932 quo
1271 1845 1357 1909 nati-

229 1955 373 2020 vitatem
391 1955 602 2044 spiritualem
622 1957 796 2021 consecuti
816 1962 908 2021 sunt.
925 1955 1054 2020 -Nec
1074 1955 1167 2021 dicas
1181 1956 1259 2022 huic
1278 1981 1358 2023 con-

229 2068 401 2134 stitutioni
416 2070 608 2156 Cupientes,
625 2093 681 2136 an.
702 2070 800 2151 1512,
817 2069 921 2134 luisse
937 2069 1138 2157 derogatum
1153 2093 1213 2158 per
1227 2070 1357 2136 bullam

228 2182 479 2268 Speculatores,
502 2208 557 2252 an.
578 2183 683 2266 1691;
700 2223 745 2233 -
763 2207 859 2265 nem,
881 2191 1041 2250 econtra:
1066 2183 1097 2250 l.
1115 2184 1214 2250 Bulla
1233 2184 1357 2271 Specu-

229 2299 364 2382 latores,
381 2298 475 2363 nullo
491 2297 605 2382 modo,
622 2321 684 2363 nec
700 2299 802 2363 etiam
818 2297 994 2386 implicite,
1013 2299 1202 2386 suppressit
1216 2300 1357 2365 modum

229 2412 412 2498 specialem
445 2411 610 2478 sortiendi
643 2413 839 2501 episcopum
873 2411 1012 2499 originis
1050 2435 1110 2500 per
1141 2413 1357 2479 nativitatem

228 2525 458 2613 spiritualem,
490 2527 550 2592 sed
581 2525 817 2591 tantummodo
848 2526 998 2614 pressius
1030 2525 1270 2592 determinavit
1298 2528 1357 2616 qui

228 2638 274 2703 sil
293 2639 473 2728 episcopus
499 2641 629 2704 ratione
650 2640 793 2726 oriqinis
817 2639 985 2704 naturalis
992 2658 1007 2723 ,·
1025 2678 1069 2689 —
1089 2639 1121 2704 2.
1144 2640 1240 2706 Licet
1263 2640 1357 2706 bulla

226 2751 463 2838 Speculatores
492 2753 666 2819 videretur
694 2753 861 2818 contraria
889 2749 991 2817 bulloe
1024 2753 1219 2842 Cupientes,
1245 2754 1356 2819 adhuc

227 2873 344 2931 tamen
367 2867 531 2954 applicari
554 2873 672 2955 posset
692 2866 824 2954 Regula
842 2866 933 2932 luris
953 2867 987 2930 in
1007 2865 1079 2934 Vl:
1102 2867 1240 2954 Species
1261 2869 1357 2933 dero-

228 2987 289 3067 gat
313 2981 445 3068 generi;
469 3021 514 3030 —
540 2982 573 3048 3.
602 2981 702 3046 Dicta
727 2980 821 3046 bulla
849 2980 1027 3066 Cupientes
1051 2982 1251 3046 confirmata
1273 2982 1354 3066 luit,

228 3102 391 3159 renovata
411 3102 446 3160 et
468 3095 576 3161 relata
600 3096 640 3160 de
663 3096 764 3160 verbo
788 3095 1008 3176 adverbum,
1030 3101 1109 3182 post
1127 3093 1257 3160 bullam
1275 3096 1357 3183 Spe-

228 3209 412 3293 culatores,
439 3232 561 3298 nempe
588 3233 608 3274 a
632 3209 811 3275 Clemente
834 3208 899 3290 Xl,
926 3209 962 3272 in
985 3207 1080 3273 bulla
1103 3209 1353 3296 Propependae,

229 3321 260 3384 V
277 3322 323 3387 id.
347 3322 460 3388 martii
481 3322 605 3403 170423
623 3323 713 3388 -1,
736 3321 897 3388 Ceterum
915 3320 1009 3386 bulla
1030 3321 1210 3408 Cupientes
1229 3323 1356 3388 latissi-

229 3457 321 3500 mam
340 3436 460 3525 recipit
478 3436 808 3525 interpretationem,
831 3436 910 3525 quia
929 3435 1080 3500 continet
1101 3435 1234 3523 insigne
1253 3436 1357 3525 privi-

229 3547 358 3637 legium
385 3550 481 3631 fidei,
505 3549 597 3638 quod
617 3549 786 3616 concessit
816 3549 944 3614 Paulus
966 3547 1027 3630 lll,
1050 3549 1093 3613 ad
1125 3549 1189 3615 hoc
1217 3550 1356 3636 praecise

229 3669 268 3728 ut
291 3663 455 3728 excitaret
477 3663 631 3730 infideles
655 3663 697 3729 ad
721 3662 988 3728 conversionem.
1011 3661 1108 3728 Unde
1132 3663 1357 3729 communiter

229 3775 386 3841 doctores
405 3776 469 3842 hoc
487 3777 637 3846 tenent³.

274 3891 311 3954 2⁰
324 3891 537 3974 Notandum,
558 3891 739 3980 praedictos
758 3913 956 3972 conversos,
978 3896 1100 3978 prester
1118 3891 1208 3955 hunc
1227 3891 1356 3979 episco-

262 4030 271 4062 ¹
291 4029 362 4080 Ball.
379 4031 463 4088 Rom„
478 4034 497 4081 l.
513 4047 550 4092 iv,
565 4033 636 4094 part.
652 4035 679 4090 1,
695 4045 722 4093 p.
739 4033 793 4078 201.

262 4109 274 4143 ²
291 4109 363 4158 Bull.
379 4108 464 4168 Rom„
480 4113 500 4158 t.
516 4125 546 4168 x,
563 4125 589 4173 p.
605 4112 645 4158 6⁴.

261 4187 272 4221 ³
291 4186 458 4246 Honorente
474 4187 523 4236 loc.
538 4187 594 4246 cit„
611 4202 634 4236 c.
649 4203 666 4246 1,
682 4189 738 4236 not.
755 4191 794 4246 1⁰,
808 4201 836 4250 p.
852 4191 894 4247 213
912 4213 940 4224 -·
956 4185 1073 4251 Rigantt
1089 4185 1122 4236 ln
1136 4187 1201 4252 Περ.
1216 4188 1248 4234 tl
1263 4187 1355 4246 Cane„

232 4269 281 4324 5³,
298 4279 324 4314 n.
339 4269 384 4325 113
399 4291 429 4302 -
444 4265 585 4329 Gesperri,
602 4281 628 4315 n.
644 4269 699 4326 807,
714 4281 742 4329 p.
755 4269 795 4314 90.
