3316 5052
319 481 371 534 ³50
564 479 629 530 ‘DE
648 479 787 530 LEGIBUS
806 479 920 530 SACRAE
939 481 1175 533 danismanis

318 631 483 710 reguntur
498 620 642 708 legibus,
665 643 767 708 quam
787 621 871 708 ipsis
891 622 1032 688 indultis
1052 624 1297 707 concessionis,
1316 625 1350 688 in
1366 626 1449 712 qui-

318 737 382 802 bus
409 735 520 801 careri
555 735 642 800 solet
675 741 748 799 tum
782 733 823 798 de
847 735 1018 822 requisitis
1048 744 1087 801 ut
1114 737 1234 801 titulus
1260 761 1449 804 concessus

318 850 470 917 adhiberi
496 849 621 936 possit,
655 855 728 913 tum
758 847 798 912 de
821 847 956 935 juribus
984 856 1017 914 et
1045 849 1312 938 obligationibus
1342 852 1445 917 titulo

317 965 475 1044 annexis,
510 971 583 1028 tum
619 961 660 1028 de
696 962 874 1027 duratione
905 963 1056 1052 ipsorum
1087 963 1309 1030 indultorum.
1345 965 1444 1032 Unde

317 1079 466 1167 episcopi
485 1085 520 1142 et
539 1075 717 1141 ordinandi
735 1077 776 1140 ad
797 1077 867 1142 haec
888 1078 1018 1142 indulta
1039 1101 1074 1143 se
1094 1078 1217 1144 referre
1240 1079 1376 1144 debent.
1397 1119 1445 1128 —

318 1195 430 1260 Pauca
466 1199 600 1258 tantum
638 1191 692 1254 hio
724 1191 835 1256 dicam
869 1193 910 1256 de
949 1192 1049 1257 titulo
1087 1193 1269 1274 missionis,
1304 1200 1446 1280 propter

317 1330 476 1394 magnam
496 1306 569 1394 ejus
588 1305 816 1369 diffusionem.

363 1535 457 1602 145.
477 1573 521 1582 —
540 1533 695 1602 mamus
715 1533 933 1602 missionis.

362 1647 397 1712 l0
417 1647 603 1712 Generalis.
626 1646 823 1711 -Titulus
848 1649 1015 1712 missionis
1035 1648 1190 1712 consistit
1210 1648 1245 1712 iu
1267 1649 1337 1733 ipso
1354 1648 1446 1732 jure·

315 1785 383 1849 quo
406 1765 580 1848 fruuntur
602 1761 714 1824 cleriei
735 1760 815 1847 (hoc
836 1761 936 1826 titulo
956 1761 1140 1848 ordinati),
1166 1770 1202 1826 ut
1217 1773 1269 1826 'ex
1289 1762 1440 1826 ministe-

317 1877 384 1959 rio,
406 1877 461 1940 cui
491 1875 617 1938 addicti
644 1883 724 1938 sunt
743 1875 795 1938 vel
814 1875 1016 1940 addicentur
1039 1877 1074 1940 in
1102 1876 1164 1939 liae
1193 1873 1244 1939 vel
1274 1875 1332 1939 illa
1358 1875 1443 1938 mis-

313 1977 478 2073 sione,'ad
497 1990 622 2053 vietum
635 1989 817 2053 necessaria
832 1998 1093 2075 consequantur.
1107 1989 1169 2054 Hic
1183 1989 1302 2054 titulus
1315 1989 1437 2078 primo,

314 2113 352 2169 ut
378 2104 528 2182 videtur,
550 2125 731 2167 concessus
756 2109 807 2167 est
834 2103 981 2168 alumnis
1002 2103 1135 2190 collegii
1162 2103 1303 2168 Hiberni
1322 2103 1442 2168 Romae

314 2217 357 2282 ab
375 2215 512 2282 Urbano
528 2215 625 2297 vlll,
642 2223 751 2280 const.
770 2217 1012 2300 Sacrosanctar,
1029 2217 1138 2305 pridie
1153 2217 1199 2282 id.
1221 2240 1291 2304 apr.
1312 2215 1392 2282 1631
1409 2220 1436 2292 ¹;

314 2330 436 2396 deinde
463 2330 610 2396 alumnis
637 2330 771 2416 collegii
802 2331 843 2394 de
874 2309 1097 2418 Propaganda
1122 2331 1220 2412 Fide,
1249 2329 1290 2395 ab
1320 2330 1439 2394 eodem

313 2444 467 2526 Urbano,
497 2452 605 2510 const.
636 2445 694 2508 Ad
719 2445 852 2528 uberes,
881 2443 1022 2510 tamaii
1048 2444 1171 2525 16382,
1198 2452 1262 2509 etc.
1290 2443 1334 2509 Hi
1359 2467 1442 2530 ergo

314 2559 443 2625 alumni
455 2565 639 2646 potuerunt
654 2558 689 2622 in
705 2558 810 2623 sacris
825 2557 973 2622 ordinari
989 2559 1033 2623 ad
1049 2559 1189 2624 titulum
1205 2559 1383 2640 missionis,
1401 2565 1442 2622 ut

314 2696 473 2760 expresse
494 2671 627 2738 dicebat
646 2671 820 2752 UrbanuS,
842 2696 881 2736 ea
901 2671 975 2758 lege
1000 2678 1038 2737 ut
1058 2671 1278 2736 missionibus
1301 2694 1438 2760 operam

314 2788 450 2868 darent,
478 2787 569 2852 unde
598 2787 700 2851 etiam
727 2786 1011 2850 sustentationem
1040 2787 1188 2873 recipere
1212 2791 1363 2873 possent.
1396 2824 1439 2834 —

314 2903 377 2966 Hic
400 2911 513 2966 autem
533 2901 655 2966 titulus
675 2909 837 2966 extensus
861 2907 913 2965 est
938 2900 1040 2965 etiam
1069 2900 1112 2964 ad
1136 2900 1292 2985 regiones
1311 2899 1439 2988 episco-

313 3017 381 3104 pali
402 3015 589 3080 hierarchia
608 3023 740 3092 auctas;
764 3015 812 3078 sic
836 3013 986 3102 episcopi
1006 3013 1164 3079 Statuum
1185 3014 1438 3079 Foederatorum

313 3131 495 3210 American,
523 3130 558 3193 vi
582 3128 735 3193 lormulau
760 3128 803 3210 C,
826 3136 889 3194 art.
921 3128 975 3210 ll,
1002 3128 1199 3193 facultatem
1225 3127 1370 3208 habent,
1395 3127 1438 3192 ad

313 3244 613 3331 quinquennium:
648 3271 663 3304 ι(
697 3243 925 3308 Promovendi
951 3243 1090 3308 clericos
1117 3242 1181 3306 sibi
1209 3242 1364 3307 subditos
1396 3241 1439 3306 ad

313 3357 594 3422 subdiaconatum
615 3357 766 3444 aliosque
787 3357 922 3422 ordines
941 3357 1088 3444 majores
1107 3379 1215 3444 usque
1234 3355 1277 3420 ad
1295 3353 1438 3444 presby-

313 3477 461 3536 teratum
496 3471 662 3536 inclusive
702 3471 802 3536 titulo
837 3471 1020 3554 missionis,
1056 3471 1209 3556 prestito
1248 3479 1359 3534 tamen
1394 3470 1438 3534 ab

312 3587 436 3650 eisdem
463 3587 592 3650 clericis
605 3588 826 3672 juramento,
853 3595 1036 3672 antequam
1060 3585 1258 3650 subdiaconi
1281 3585 1438 3649 ordinen-

314 3707 383 3784 tur,
406 3723 474 3786 quo
502 3701 700 3784 spondeant,
730 3699 773 3764 ad
798 3700 906 3763 instar
925 3699 1174 3788 pontificiorum
1203 3699 1435 3776 alumnorum,

311 3836 379 3878 suas
399 3814 529 3878 diaecesi
552 3815 603 3877 vel
627 3815 778 3878 missioni
801 3837 834 3878 se
858 3835 925 3878 esse
944 3821 1110 3898 perpetuo
1135 3813 1354 3876 inservituros
1367 3811 1388 3875 ³.
1419 3839 1440 3870 r>

347 3975 356 4008 ¹
375 3975 415 4024 De
431 3975 569 4034 Martinis,
586 3975 663 4023 luris
681 3974 820 4037 Pontificii
835 3975 867 4022 de
884 3974 963 4037 Prop.
984 3973 1062 4032 Fide,
1079 3976 1149 4036 part.
1171 3973 1195 4030 1,
1211 3977 1231 4022 t.
1248 3989 1269 4032 1,
1285 3989 1311 4036 p.
1331 3977 1390 4030 tas;
1408 3999 1435 4008 —

312 4056 347 4104 ct.
366 4055 537 4110 Honorante,
554 4052 664 4108 Prasis,
681 4056 743 4110 cto,
759 4067 783 4100 c.
797 4068 865 4110 xrn,
880 4068 906 4115 p.
921 4057 975 4101 172.

343 4135 355 4166 ¹
371 4133 412 4180 De
427 4131 566 4188 Martinis,
584 4129 659 4186 ibid,
678 4147 704 4192 p.
722 4135 781 4190 17³,
798 4157 825 4167 -
841 4130 876 4178 ct.
893 4131 1059 4189 Honorante,
1077 4131 1126 4179 loc.
1140 4129 1195 4188 cit,
1211 4146 1236 4193 p.
1251 4135 1303 4178 17³.

344 4210 354 4244 ³
372 4209 502 4271 Konings‚
516 4207 747 4257 Caramantarium
758 4207 786 4256 in
795 4209 941 4269 facultates
951 4209 1121 4272 apostolicas,
1134 4223 1160 4257 n.
1172 4213 1225 4266 an,
1238 4205 1439 4263 Neo-Eboraci,

312 4293 385 4346 ress,
402 4303 429 4350 p.
443 4293 497 4335 sao.
