3248 5052
307 493 359 544 62¹2
663 493 706 542 DE
726 491 831 544 slent
850 491 1076 541 onotsariosu

306 635 461 696 domicilio
490 643 637 694 moveant
666 634 855 714 eosdemque
884 633 989 692 statim
1018 640 1090 713 post
1116 641 1278 715 susceptos
1304 633 1431 694 ordines

308 733 391 792 falsis
405 731 444 791 de
459 731 560 790 causis
575 729 614 790 ad
628 731 793 810 pristinum
808 729 1029 788 monasterium
1045 731 1159 790 reverti
1169 729 1318 810 jubeant;
1333 731 1430 812 siqui-

305 829 375 888 dem
387 827 556 908 Regulares
573 825 752 908 hujusmodi
768 825 878 906 agendi
892 826 1043 886 rationem
1055 826 1163 907 (quam
1178 833 1209 886 et
1223 827 1299 886 alias
1314 827 1346 886 in
1362 826 1432 886 foro

305 935 434 985 externo
450 925 586 1002 graviter
601 923 790 982 vindicatam
807 923 899 982 luisse
915 929 947 982 et
961 923 992 980 in
1010 929 1170 1003 posterum
1187 923 1326 984 districte
1343 943 1433 982 coer-

305 1021 435 1082 cendam
447 1020 512 1080 lore
527 1019 685 1093 noverint)
697 1027 762 1078 tum
778 1039 795 1078 a
811 1018 900 1100 probi
917 1018 973 1078 viri
987 1018 1150 1078 honestate
1165 1026 1196 1078 et
1207 1019 1268 1079 fide
1283 1018 1431 1090 alienam,

306 1126 371 1178 tum
387 1117 480 1178 etiam
501 1115 614 1176 debitae
635 1137 706 1194 erga
730 1135 833 1176 sacros
857 1109 1063 1174 Ecclesiarum
1087 1116 1241 1175 antistites
1261 1115 1433 1176 observan-

305 1215 355 1274 tiae
370 1213 558 1274 contrariam
574 1233 656 1282 esse,
674 1211 732 1293 ipsi
750 1233 805 1292 per
820 1232 852 1270 se
870 1211 960 1271 lacile
975 1219 1176 1290 cognoscent.

345 1310 519 1370 Praesentes
540 1329 613 1368 vero
632 1307 761 1368 Nostras
781 1308 901 1367 litteras
916 1313 948 1368 et
966 1308 997 1366 in
1012 1308 1056 1368 eis
1071 1315 1189 1368 statuta
1208 1328 1433 1389 quaecumque,

304 1407 397 1466 etiam
417 1427 454 1465 ex
473 1427 527 1478 ec,
549 1404 634 1486 quod
654 1403 786 1486 quilibet
806 1405 836 1462 in
857 1403 1041 1484 praemissis,
1058 1425 1112 1464 seu
1132 1425 1240 1464 eorum
1260 1404 1366 1484 aliquo
1378 1403 1434 1484 jus

305 1503 353 1562 vel
378 1503 526 1562 interesse
549 1500 699 1561 habentes
714 1521 769 1560 seu
791 1499 906 1560 habere
929 1499 1169 1581 quomodolibet
1187 1500 1432 1580 praetendentes,

304 1599 441 1680 cujusvis
456 1605 567 1670 status,
583 1597 707 1677 gradus,
717 1596 846 1672 ordinis,
864 1597 1118 1677 praeeminentiae,
1129 1595 1178 1658 vel
1193 1596 1355 1676 dignitatis
1368 1597 1435 1656 exi·

303 1703 398 1767 stant,
421 1695 486 1754 sive
505 1693 581 1754 alias
605 1693 748 1774 specifica
768 1699 799 1752 et
823 1692 983 1753 individua
1003 1693 1161 1752 mentione
1180 1701 1212 1752 et
1231 1692 1434 1773 expressione

303 1791 404 1870 digni,
425 1789 485 1849 illis
500 1811 563 1850 non
583 1789 811 1863 consenserint,
831 1809 887 1849 nec
909 1789 947 1848 ad
967 1809 1001 1848 ea
1018 1789 1120 1848 vocati
1140 1796 1171 1849 et
1191 1789 1307 1861 auditi,
1329 1809 1434 1869 neque

304 1908 404 1946 causae
418 1893 545 1967 propter
555 1907 632 1967 quas
641 1885 757 1945 eaedem
771 1893 940 1966 praesentes
949 1885 1173 1958 emanaverint,
1184 1884 1340 1958 adductae,
1351 1885 1434 1945 veri·

304 1984 413 2055 licata,
423 1982 471 2042 vel
484 1983 683 2054 sufficienter,
694 1990 747 2040 aut
756 1981 821 2041 ullo
834 1981 929 2041 modo
934 1981 1112 2062 justificatae
1123 1981 1249 2054 luerint,
1257 1988 1312 2042 aut
1322 2001 1361 2040 ex
1372 1979 1434 2040 alia

304 2078 454 2161 qualibet,
471 2079 564 2138 etiam
580 2077 780 2158 quantumvis
790 2077 924 2158 juridica
941 2085 973 2138 et
988 2077 1180 2158 privilegiata
1196 2097 1301 2150 causa,
1312 2077 1433 2150 colore,

305 2183 470 2256 praetextu,
484 2183 516 2234 et
530 2175 643 2254 capite,
661 2175 754 2234 etiam
772 2173 802 2232 in
819 2193 950 2254 corpore
961 2173 1041 2254 juris
1056 2173 1174 2243 clauso,
1189 2173 1277 2246 nullo
1293 2195 1433 2254 unquam

305 2279 444 2352 tempore
459 2271 498 2330 de
513 2270 740 2350 subreptionis,
756 2270 804 2328 vel
822 2269 1014 2351 obreptionis
1027 2277 1082 2330 aut
1096 2269 1248 2330 nullitatis
1264 2271 1356 2342 vitio,
1377 2291 1433 2330 seu

304 2367 487 2428 intentionis
508 2367 647 2442 Nostrae,
671 2373 725 2426 aut
745 2366 895 2426 interesse
917 2365 1098 2426 habentium
1120 2387 1306 2438 consensus,
1329 2366 1434 2426 aliove

305 2463 461 2546 quolibet,
487 2463 580 2522 etiam
605 2463 807 2543 quantumvis
832 2483 945 2542 magno
970 2483 1005 2522 ac
1030 2461 1152 2524 lormali
1177 2470 1208 2522 et
1232 2462 1434 2523 substantiali

305 2561 428 2620 delectu
445 2559 562 2630 notari,
581 2557 771 2639 impugnari,
786 2559 930 2638 infringi,
948 2559 1124 2631 retractari,
1142 2559 1173 2618 in
1186 2560 1434 2618 controversiam

305 2657 425 2730 vocari,
443 2657 550 2716 autad
568 2657 716 2715 terminos
733 2655 814 2736 juris
830 2656 952 2728 reduci,
969 2677 1023 2716 seu
1039 2656 1189 2716 adversus
1203 2656 1273 2716 illas
1286 2657 1435 2737 aperitio-

306 2755 353 2813 nis
374 2755 451 2827 oris,
473 2753 679 2812 restitutionis
702 2754 732 2810 in
756 2753 927 2830 integrum,
949 2752 1074 2812 aliudve
1094 2752 1314 2834 quodcumque
1333 2753 1433 2833 juris,

306 2851 394 2923 lacti,
417 2850 465 2909 vel
487 2849 594 2928 gratiae
616 2847 786 2908 remedium
809 2849 971 2922 intentari,
995 2849 1045 2908 vel
1067 2849 1243 2930 impetrari,
1264 2851 1434 2910 autetiam

306 2947 396 3006 Motu
411 2945 477 3026 pari
494 2953 525 3004 et
539 2945 577 3004 de
587 2944 766 3025 apostolicae
775 2946 939 3024 potestatis
950 2945 1144 3026 plenitudine
1153 2945 1212 3004 sibi
1223 2933 1372 3006 concesso
1382 2945 1434 3004 vel

305 3050 464 3116 emanato,
480 3042 657 3122 quempiam
675 3041 706 3100 in
720 3041 852 3122 judicio,
868 3039 917 3100 vel
933 3049 1020 3101 extra
1035 3041 1112 3100 illud
1129 3042 1189 3115 uti,
1206 3061 1261 3101 seu
1276 3061 1309 3100 se
1320 3041 1435 3122 juvare

306 3137 369 3198 ullo
388 3138 482 3198 modo
501 3157 609 3218 posse;
630 3137 683 3196 sed
701 3139 783 3218 ipsas
803 3143 971 3217 praesentes
987 3157 1110 3217 semper
1125 3138 1245 3208 firmas,
1262 3136 1381 3196 validas
1402 3145 1436 3198 et

305 3235 446 3294 efficaces
466 3235 597 3293 existere
619 3240 652 3292 et
671 3233 736 3292 lore
758 3254 892 3313 suosque
913 3233 1069 3314 plenarios
1090 3241 1120 3292 et
1142 3233 1280 3312 integros
1302 3233 1435 3293 effectus

304 3331 408 3391 sortiri
423 3337 454 3389 et
469 3331 625 3402 obtinere,
643 3349 678 3388 ac
694 3329 732 3388 ab
748 3329 824 3402 illis,
842 3329 879 3388 ad
903 3349 982 3410 quos
1005 3335 1141 3410 spectat,
1158 3335 1190 3388 et
1213 3349 1270 3409 pro
1290 3335 1435 3410 tempore

304 3425 565 3508 quandocumque
581 3425 749 3506 spectabit,
767 3423 989 3485 inviolabiliter
1004 3433 1035 3485 ot
1054 3425 1239 3488 inconcusse
1258 3425 1433 3486 observari.

345 3523 457 3602 Sicque
477 3529 509 3581 et
528 3543 589 3582 non
606 3520 695 3580 aliter
711 3521 741 3580 in
760 3521 927 3601 praemissis
946 3522 1081 3594 censeri,
1099 3529 1192 3604 atque
1208 3521 1251 3582 ita
1266 3541 1321 3600 per
1337 3541 1435 3601 quos·

304 3639 438 3699 cumque
454 3617 576 3698 judices
597 3617 770 3676 ordinarios
785 3625 816 3676 et
837 3617 1008 3696 delegatos,
1025 3617 1118 3677 etiam
1138 3637 1302 3678 causarum
1325 3616 1435 3697 palatii

304 3714 466 3796 apostolici
485 3713 658 3786 auditores,
675 3733 710 3772 ac
726 3713 757 3772 S.
776 3713 814 3772 R.
832 3713 868 3772 E.
885 3713 1058 3774 cardinales
1073 3715 1166 3774 etiam
1181 3713 1221 3774 de
1237 3713 1334 3774 latere
1350 3711 1436 3792 lega-

306 3821 353 3872 tos
367 3819 399 3870 et
412 3809 592 3892 apostolicae
609 3809 697 3869 Sedis
717 3809 875 3890 praedictae
891 3811 1034 3884 nuntios,
1051 3809 1167 3870 aliosve
1182 3809 1339 3891 quoslibet
1353 3831 1435 3891 qua-

304 3927 438 3988 cumque
456 3907 704 3988 praeeminentia,
721 3927 756 3966 ac
772 3913 925 3986 potestate
941 3906 1123 3986 fungentes,
1138 3913 1170 3966 et
1190 3906 1365 3979 iuncturos,
1379 3927 1436 3966 su-

305 4004 388 4063 blata
414 4003 458 4062 eis
482 4010 515 4062 et
540 4023 648 4062 eorum
675 4002 805 4062 cuilibet
834 4001 924 4062 aliter
945 4001 1123 4083 judicandi,
1146 4011 1178 4062 et
1203 4003 1434 4084 interpretandi

305 4099 469 4172 facultate,
483 4098 618 4180 judicari
633 4105 665 4158 et
678 4098 800 4158 deliniri
815 4099 942 4171 debere,
959 4119 994 4159 ac
1010 4099 1132 4159 irritum
1147 4107 1179 4159 et
1193 4099 1285 4160 inane
1300 4099 1325 4159 si
1341 4119 1437 4160 secus

304 4195 465 4276 superbis
484 4216 501 4254 a
522 4215 680 4275 quoquam
696 4195 805 4275 quavis
824 4195 1011 4256 auctoritate
1031 4195 1166 4256 scienter
1180 4195 1230 4255 vel
1251 4195 1438 4276 ignoranter

305 4291 470 4370 contigerit
484 4291 641 4350 attentari.
