3246 5052
387 433 436 480 :itio
724 435 766 483 DE
787 435 914 484 ltlTlBlJS
934 435 1169 484 cabilationis

386 579 517 647 mitate.
541 587 619 642 ante
647 577 888 666 praruubulam
918 577 1157 642 allocutionem
1186 578 1337 665 episcopi
1359 577 1404 640 ad
1426 575 1515 640 ordi-

388 692 534 767 nandos,
565 701 644 756 ante
675 715 817 756 examen
852 692 1146 758 ordinandorum:
1184 715 1251 780 quo
1284 691 1406 778 utique
1443 691 1515 753 loro

386 809 564 894 episcopus
598 807 749 871 nondum
782 806 883 871 habet
913 805 1105 871 absolutam
1136 805 1315 870 ordinandi
1349 805 1514 869 intentio-

387 943 480 1000 nem3
514 963 554 968 —
585 923 616 986 l.
651 922 752 984 Anno
785 921 924 1008 quidem
964 921 1062 1000 1662,
1094 929 1131 984 ut
1161 943 1261 1006 supra
1295 919 1430 984 dictum
1467 929 1513 982 est

387 1058 434 1111 (n.
463 1036 558 1120 279,
580 1037 643 1114 50),
667 1044 744 1123 post
767 1035 838 1099 haec
858 1035 981 1100 rerba:
1004 1035 1127 1120 rlccipe
1141 1035 1311 1120 Spiritum
1330 1035 1511 1100 Sanctum.

386 1151 511 1214 inserta
532 1157 612 1214 sunt
632 1149 702 1214 herc
725 1169 732 1214 ε
756 1151 788 1214 in
810 1151 964 1235 officium
984 1160 1015 1212 et
1041 1173 1123 1235 opus
1146 1150 1340 1213 sacerdotis.
1370 1149 1509 1214 Verum.

385 1266 449 1327 etsi
476 1264 545 1328 hac
574 1264 694 1337 verba,
718 1267 751 1326 in
778 1289 874 1328 sensu
902 1265 1066 1328 catholico
1094 1265 1272 1344 intellecta,
1302 1263 1511 1326 constituere

385 1387 529 1465 possunt
550 1379 705 1442 idoneam
727 1377 886 1449 lormam,
914 1385 1092 1442 attamen:
1119 1403 1150 1442 a.
1178 1377 1307 1442 Inserta
1333 1383 1414 1440 sunt
1437 1384 1510 1463 post

386 1516 494 1556 annos
518 1493 593 1566 103,
617 1515 693 1556 cum
714 1493 854 1580 proinde
871 1493 941 1578 jam
968 1492 1135 1557 defecerat
1159 1491 1337 1556 ordinandi
1357 1499 1512 1577 potestas

386 1615 415 1669 el
438 1607 639 1679 hierarchia:
663 1645 706 1656 -
727 1608 758 1670 b.
784 1607 856 1670 lloc
872 1605 1012 1670 verbum
1031 1607 1196 1688 sacerdos,
1218 1607 1252 1669 in
1273 1605 1336 1669 hoc
1352 1605 1509 1673 ordinali..

387 1743 452 1784 non
475 1719 575 1784 hahet
596 1744 733 1784 sensum
753 1743 854 1808 quem
876 1719 975 1784 habet
995 1721 1029 1784 in
1051 1721 1199 1784 Ecclesia
1221 1719 1366 1791 Christi,
1391 1742 1510 1808 nempe

384 1837 565 1898 sacerdotis
594 1835 638 1898 ad
660 1837 871 1918 offerendum
898 1858 1013 1900 rerum
1036 1845 1067 1898 et
1091 1836 1230 1920 proprie
1255 1835 1386 1898 dictum
1410 1837 1511 1898 sacri-

386 1951 502 2032 ficinm
526 1951 716 2028 connituti,
747 1949 805 2012 sed
829 1951 1012 2014 sacerdotis
1038 1949 1272 2014 tantummodo
1292 1950 1511 2033 predicantis

386 2073 417 2124 rt
443 2063 667 2147 Iraplizarztia‚·
696 2063 785 2127 unde
817 2063 923 2126 forma
954 2065 1001 2128 sic
1032 2063 1203 2128 intellecta
1233 2086 1301 2126 non
1331 2070 1385 2127 est
1419 2061 1512 2125 sulli-

388 2177 497 2246 ciens;
525 2177 583 2239 sed
610 2177 671 2240 hoc
697 2177 844 2264 pertinet
873 2177 914 2240 ad
940 2180 1110 2262 desectum
1135 2178 1347 2248 intentionis,
1376 2177 1419 2240 de
1445 2200 1511 2263 quo

387 2313 476 2354 mox.

433 2405 469 2467 Β.
507 2405 625 2478 Quoad
654 2407 892 2490 episcopatum.
924 2446 967 2453 —
995 2410 1024 2470 l.
1056 2404 1167 2470 Verba
1192 2407 1317 2490 ¹lecipe
1341 2404 1510 2488 Spiritum

387 2521 567 2591 Sanctum,
589 2529 619 2581 rt
646 2529 823 2601 memento,
847 2529 925 2598 etc,
950 2543 1017 2584 non
1043 2521 1258 2585 constituunt
1279 2519 1426 2583 sormam
1446 2519 1512 2582 sul-

388 2633 567 2706 licientem,
601 2657 677 2696 cum
712 2635 780 2697 sint
813 2633 1089 2705 indeterminata,
1124 2641 1158 2698 et
1183 2635 1315 2721 possint
1350 2633 1511 2720 applicari

388 2745 495 2809 tribus
520 2747 695 2810 ordinibus
721 2748 952 2816 hierarchicis:
976 2755 1125 2812 celerum
1146 2747 1250 2812 verba
1279 2747 1453 2810 ,llcmento
1480 2758 1511 2810 nl

389 2862 572 2943 recusatos,
595 2869 674 2936 ete,
698 2869 886 2925 memorant
907 2861 1032 2926 foetum
1053 2863 1274 2948 praeteritum,
1298 2885 1366 2924 non
1388 2861 1511 2924 lactum

392 2996 554 3061 praesens:
587 3015 629 3022 -
654 2975 685 3038 2.
719 2975 811 3039 ldem
833 2975 1012 3040 dicendum
1046 2977 1087 3040 de
1116 2977 1267 3040 oratione
1295 2975 1512 3059 Omnipotens.

392 3088 495 3168 Iloua,
524 3089 626 3150 Pater
646 3089 846 3170 irrisericors,
879 3097 958 3167 etc,
988 3113 1063 3177 qua¹
1087 3111 1182 3176 aque
1211 3088 1376 3176 applicari
1404 3095 1511 3175 potest

392 3201 499 3265 tribus
536 3200 712 3266 ordinibus
749 3203 984 3276 hierarchicis;
1018 3241 1060 3251 -
1098 3205 1129 3269 3.
1171 3201 1292 3280 Quoad
1326 3203 1510 3266 orationem

392 3317 609 3399 (lrrrnipotrns
640 3317 745 3398 Iloua,
782 3317 934 3380 omnium
975 3318 1143 3380 honorum
1173 3318 1291 3398 dator,
1323 3325 1407 3386 ete..
1444 3337 1512 3402 qua

391 3453 525 3492 summo
548 3431 658 3514 rigore
683 3431 836 3495 sullicere
863 3439 995 3517 posset,
1022 3431 1124 3494 nimis
1143 3437 1270 3495 remota
1296 3439 1349 3494 est
1369 3439 1405 3494 et
1425 3453 1513 3517 sepa·

393 3551 461 3606 rata
482 3541 523 3606 ab
544 3543 760 3630 impositione
780 3567 953 3624 manuum,
977 3551 1015 3608 ut
1035 3545 1164 3608 dictum
1183 3551 1235 3609 est
1254 3543 1295 3607 de
1315 3543 1422 3607 simili
1442 3565 1511 3607 ora-

394 3659 483 3720 tione
517 3657 550 3718 in
571 3657 782 3721 ordinatione
807 3657 1077 3744 presbyteratum
1107 3697 1148 3710 —
1187 3659 1218 3722 l.
1249 3658 1353 3722 Auno
1378 3657 1512 3745 quidem

398 3771 490 3842 1662,
514 3777 550 3833 ut
571 3770 698 3834 dictum
719 3779 771 3835 est
792 3771 840 3856 (n.
864 3771 959 3856 280,
982 3773 1045 3855 6⁰),
1072 3780 1149 3858 post
1169 3771 1271 3836 verba
1290 3773 1418 3856 Accipe
1443 3771 1513 3855 spi-

394 3887 499 3948 ritum
532 3887 712 3967 Sanctum,
735 3885 861 3949 inserta
889 3894 969 3950 sunt
992 3885 1062 3950 herc
1087 3905 1094 3951 :
1127 3887 1160 3950 in
1190 3887 1345 3971 officium
1374 3895 1407 3950 ct
1437 3908 1514 3972 opus

393 4001 554 4083 episcopi:
571 3999 629 4062 sed
646 3999 716 4062 herc
737 3997 850 4074 rerba,
867 3999 899 4062 in
919 4001 1074 4064 (lrdinali
1092 4000 1284 4086 anglicano,
1303 4023 1370 4064 nou
1393 3999 1514 4064 habent

393 4135 529 4175 sensum
555 4135 656 4198 quem
684 4111 809 4177 habent
840 4113 873 4177 in
901 4113 1050 4178 Ecclesia
1080 4113 1206 4180 Christi
1227 4115 1360 4201 (verum
1385 4113 1450 4178 hoc
1470 4137 1515 4176 re·

395 4227 499 4288 l'ertur
519 4226 632 4312 potius
653 4227 694 4289 ad
714 4228 885 4311 desectum
906 4229 1115 4310 intentionis,
1138 4227 1179 4292 de
1204 4251 1271 4315 quo
1292 4239 1402 4310 mox);
1427 4229 1514 4292 insu·
