3294 5054
479 452 523 502 llll
541 451 769 504 onnluanoun
787 450 1007 502 nnoutanluu
1253 447 1306 500 395

225 595 259 657 2⁰
281 593 319 659 Si
334 593 514 682 Regularis
532 595 679 682 rejectus
698 593 798 658 luerit
816 594 860 658 ab
878 594 945 658 atio
964 594 1128 679 episcopo,
1140 594 1184 658 ad
1203 615 1307 681 quem

180 707 331 794 legitime
354 707 515 774 dimissus
540 708 666 792 luerat,
688 708 723 772 vi
755 707 926 796 privilegii
953 707 1138 795 recipiendi
1169 707 1307 773 ordines

178 845 199 886 a
218 845 451 910 quocumque,
472 823 529 889 vel
551 823 587 888 vi
607 822 735 888 decreti
755 821 960 887 Clementini
982 821 1162 910 (episcopo
1181 821 1306 886 dioece-

179 957 264 1000 sano
283 934 441 1018 absente,
461 937 518 1002 vel
541 936 791 1001 ordinationem
810 957 879 999 non
898 933 1090 1022 habituro),
1116 942 1198 1000 tunc
1216 935 1307 1001 mitti

180 1057 295 1136 potest
317 1049 360 1114 ad
384 1049 489 1114 aliurn
522 1050 718 1137 episcopum
743 1049 989 1113 examinandus
1017 1056 1052 1113 et
1078 1049 1305 1129 ordinandus;

174 1163 235 1250 jus
252 1163 340 1227 enim
367 1163 553 1252 recipiendi
572 1163 709 1228 ordines
729 1187 747 1227 a
774 1185 990 1250 quocumque
1016 1184 1085 1226 non
1108 1168 1223 1250 potest
1248 1162 1307 1227 de-

181 1277 268 1342 strui
294 1285 353 1342 aut
376 1278 537 1365 restringi
561 1301 602 1342 ex
623 1277 712 1342 lacto
731 1277 834 1342 unius
853 1276 1004 1364 episcopi
1022 1277 1082 1364 qui
1100 1276 1307 1364 Regularem

180 1391 225 1456 ad
245 1414 280 1455 se
305 1391 483 1456 dimissum
503 1391 606 1456 etiam
625 1391 776 1478 legitime
802 1391 983 1456 recusavit.
1005 1389 1230 1455 —Ceterum
1249 1391 1309 1478 qui

182 1505 341 1570 fruuntur
358 1505 538 1592 privilegio
564 1505 748 1592 recipiendi
767 1505 904 1570 ordines
932 1527 952 1568 a
984 1526 1216 1590 quocumque,
1242 1503 1308 1569 frui

178 1620 285 1684 etiam
304 1619 417 1684 solent
436 1619 614 1707 privilegio
629 1619 814 1706 recipiendi
832 1618 968 1684 ordines
981 1619 1052 1683 aine
1070 1619 1215 1704 episcopi
1227 1640 1308 1682 exa-

181 1735 284 1816 mine,
306 1757 340 1799 v.
358 1758 406 1820 g.,
430 1733 547 1798 Patres
567 1733 747 1799 Societatis
764 1733 859 1798 lesu.

229 1957 324 2025 164.
344 1994 388 2005 —
412 1957 713 2026 Testimoniales
732 1957 782 2026 de
805 1957 938 2025 studio
961 1957 1183 2044 theologiae.
1203 1995 1247 2003 —
1266 1957 1308 2020 Vi

189 2071 317 2136 decreti
342 2070 522 2154 Auctia,l
551 2093 632 2137 nov.
661 2070 765 2152 1892,
786 2075 803 2154 ἕ
827 2071 847 2137 6
873 2091 880 2137 :
911 2098 927 2132 n
955 2069 1100 2158 professi
1119 2077 1193 2135 tum
1211 2077 1308 2135 voto-

183 2208 260 2249 rum
290 2184 513 2264 solemnium,
539 2191 613 2249 tum
641 2184 866 2271 simplicium,
887 2183 930 2249 ab
949 2183 1138 2250 Ordinariis
1157 2184 1309 2248 locorum

181 2297 227 2362 ad
252 2321 366 2363 sacros
385 2299 521 2362 ordines
540 2321 608 2362 non
628 2298 864 2378 admittantur,
883 2297 961 2380 nisi,
983 2305 1106 2385 prmter
1120 2297 1186 2362 alia
1201 2321 1221 2362 a
1231 2297 1309 2384 jure

182 2418 325 2492 statuta,
362 2413 601 2476 testimoniales
630 2413 762 2476 litterae
786 2413 969 2476 exhibeant
987 2413 1082 2497 quod
1101 2411 1222 2475 saltem
1245 2435 1310 2498 per

183 2549 313 2590 annum
332 2549 435 2591 sacra
456 2526 630 2611 tlieoloqiae
650 2549 789 2612 operam
807 2526 963 2590 dederint
976 2527 1006 2590 si
1024 2533 1150 2610 aqatur
1169 2525 1209 2588 de
1226 2526 1309 2590 suh-

181 2641 380 2723 diaconatu,
408 2641 453 2704 ad
484 2641 597 2704 minus
622 2661 687 2725 per
715 2641 891 2704 biennium
915 2641 946 2704 si
978 2641 1019 2704 de
1050 2640 1248 2722 diaconatu,
1277 2647 1310 2701 et

183 2755 297 2840 quoad
328 2755 608 2839 presbyteratum
639 2755 761 2818 saltem
792 2777 856 2838 per
889 2755 1094 2836 triennium,
1132 2752 1308 2840 prmmisso

183 2875 297 2932 tamen
315 2867 464 2954 regulari
482 2867 627 2932 aliorum
647 2868 838 2932 studiorum
854 2867 1021 2932 curriculo
1036 2871 1058 2933 ¹.
1085 2895 1100 2928 n
1125 2867 1170 2931 Hi
1194 2873 1309 2930 autem

183 2982 281 3061 anni,
307 3005 384 3046 cum
405 2987 526 3066 agatur
545 2981 587 3046 dc
606 2982 746 3062 studiis,
764 2982 1004 3068 intelliguntur
1022 2981 1102 3046 anni
1121 2981 1307 3064 scholares,

183 3118 245 3160 seu
274 3095 422 3184 demptis
448 3095 555 3176 feriis,
584 3119 706 3183 nempe
732 3097 814 3160 anni
837 3119 962 3160 novem
987 3103 1046 3159 aut
1072 3095 1190 3158 decem
1215 3116 1310 3158 men-

182 3211 285 3288 sium,
299 3209 399 3296 juxta
419 3211 532 3274 varios
550 3210 729 3296 regionum
753 3233 848 3275 nsua.

497 3499 540 3566 ll.
567 3501 723 3566 Teurnia
748 3499 996 3567 Onnmnrioncn

232 3721 327 3791 165.
342 3760 387 3770 -
401 3721 619 3808 Privilegia
632 3721 890 3809 Regularium
905 3723 948 3790 in
968 3721 1041 3790 hac
1056 3741 1112 3791 re.
1133 3761 1177 3771 -
1196 3723 1310 3810 Regu-

184 3837 285 3916 lareS,
296 3858 362 3920 per
373 3859 418 3919 se,
432 3842 593 3900 tenentur
608 3835 683 3922 lege
695 3859 769 3923 quae
782 3835 939 3924 prohibet
954 3858 997 3900 ne
1015 3835 1151 3900 ordines
1164 3837 1310 3923 majores

184 4021 265 4076 raris,
280 4030 310 4066 νο
326 4019 408 4078 Ordo,
424 4024 475 4069 art.
489 4026 513 4078 ³,
527 4035 553 4069 n.
566 4026 606 4070 67.
623 4049 650 4057 —
667 4021 707 4069 Cl.
723 4021 805 4070 etiam
820 4021 937 4080 Plutum,
953 4020 1153 4080 Protectiones,
1166 4025 1229 4080 etc,
1247 4025 1267 4070 t.
1283 4037 1309 4080 u,

206 4134 212 4145 .
229 4104 283 4147 297.

183 4115 202 4162 p
218 4179 226 4212 ¹
244 4179 312 4226 Acta
330 4177 355 4226 S.
375 4177 466 4236 Sedis,
483 4181 502 4226 t.
521 4193 582 4236 xxv,
599 4193 625 4240 p.
641 4183 700 4236 31⁴1,
716 4178 759 4225 vel
778 4177 812 4226 ad
831 4177 933 4226 calcem
954 4178 1034 4241 hujus
1048 4178 1209 4236 voluminis,
1224 4177 1313 4225 Docu-

187 4258 307 4304 mentum
322 4257 337 4304 Ι
342 4255 370 4302 V.
