<?xml version="1.0" encoding="UTF-8"?>
<!DOCTYPE html PUBLIC "-//W3C//DTD XHTML 1.0 Transitional//EN"
    "http://www.w3.org/TR/xhtml1/DTD/xhtml1-transitional.dtd">
<html xmlns="http://www.w3.org/1999/xhtml" xml:lang="en" lang="en">
 <head>
  <title>
</title>
<meta http-equiv="Content-Type" content="text/html;charset=utf-8" />
  <meta name='ocr-system' content='tesseract 3.04.00' />
  <meta name='ocr-capabilities' content='ocr_page ocr_carea ocr_par ocr_line ocrx_word'/>
</head>
<body>
  <div class='ocr_page' id='page_1' title='image "./praelectionesde00manygoog_0379.png"; bbox 0 0 3294 5054; ppageno 0'>
   <div class='ocr_carea' id='block_1_1' title="bbox 337 497 1194 550">
    <p class='ocr_par' dir='ltr' id='par_1_1' title="bbox 337 497 1194 550">
     <span class='ocr_line' id='line_1_1' title="bbox 337 497 1194 550; baseline -0.004 0"><span class='ocrx_word' id='word_1_1' title='bbox 337 499 389 550; x_wconf 77' lang='grc'><strong>366</strong></span> <span class='ocrx_word' id='word_1_2' title='bbox 601 499 648 549; x_wconf 75' lang='grc' dir='ltr'><strong>ΒΕ</strong></span> <span class='ocrx_word' id='word_1_3' title='bbox 666 499 805 548; x_wconf 75' lang='lat' dir='ltr'>LEGIBUS</span> <span class='ocrx_word' id='word_1_4' title='bbox 825 497 938 548; x_wconf 68' lang='lat' dir='ltr'>SACRAE</span> <span class='ocrx_word' id='word_1_5' title='bbox 954 497 1194 548; x_wconf 69' lang='lat' dir='ltr'><strong>mmumorus</strong></span> 
     </span>
    </p>
   </div>
   <div class='ocr_carea' id='block_1_2' title="bbox 327 639 1465 3465">
    <p class='ocr_par' dir='ltr' id='par_1_2' title="bbox 332 639 1465 2442">
     <span class='ocr_line' id='line_1_2' title="bbox 336 639 1465 731; baseline 0.001 -25"><span class='ocrx_word' id='word_1_6' title='bbox 336 643 526 731; x_wconf 63' lang='lat' dir='ltr'><strong>praefatum.</strong></span> <span class='ocrx_word' id='word_1_7' title='bbox 560 679 606 690; x_wconf 91' lang='lat'><strong>·—</strong></span> <span class='ocrx_word' id='word_1_8' title='bbox 635 639 755 719; x_wconf 87' lang='lat' dir='ltr'><strong>Quoad</strong></span> <span class='ocrx_word' id='word_1_9' title='bbox 786 641 896 728; x_wconf 86' lang='lat' dir='ltr'><strong>prius,</strong></span> <span class='ocrx_word' id='word_1_10' title='bbox 930 641 1118 706; x_wconf 79' lang='lat' dir='ltr'><strong>notandum</strong></span> <span class='ocrx_word' id='word_1_11' title='bbox 1147 649 1199 706; x_wconf 89' lang='lat' dir='ltr'><strong>est</strong></span> <span class='ocrx_word' id='word_1_12' title='bbox 1231 664 1299 706; x_wconf 89' lang='lat' dir='ltr'><strong>nun</strong></span> <span class='ocrx_word' id='word_1_13' title='bbox 1336 643 1465 707; x_wconf 77' lang='lat' dir='ltr'><strong>inem-ri</strong></span> 
     </span>
     <span class='ocr_line' id='line_1_3' title="bbox 335 755 1464 845; baseline 0 -23"><span class='ocrx_word' id='word_1_14' title='bbox 335 757 615 845; x_wconf 80' lang='lat' dir='ltr'><strong>siispensionem‚</strong></span> <span class='ocrx_word' id='word_1_15' title='bbox 636 757 666 820; x_wconf 86' lang='lat' dir='ltr'><strong>si</strong></span> <span class='ocrx_word' id='word_1_16' title='bbox 685 755 807 820; x_wconf 86' lang='lat' dir='ltr'><strong>titulus</strong></span> <span class='ocrx_word' id='word_1_17' title='bbox 827 755 870 819; x_wconf 91' lang='lat' dir='ltr'><strong>sit</strong></span> <span class='ocrx_word' id='word_1_18' title='bbox 890 756 1111 840; x_wconf 70' lang='lat' dir='ltr'><strong>insufficiens,</strong></span> <span class='ocrx_word' id='word_1_19' title='bbox 1132 757 1211 842; x_wconf 83' lang='lat' dir='ltr'><strong>quia</strong></span> <span class='ocrx_word' id='word_1_20' title='bbox 1227 779 1346 822; x_wconf 64' lang='lat' dir='ltr'><strong>ream</strong></span> <span class='ocrx_word' id='word_1_21' title='bbox 1364 757 1464 822; x_wconf 80' lang='lat' dir='ltr'><strong>adest</strong></span> 
     </span>
     <span class='ocr_line' id='line_1_4' title="bbox 335 869 1460 960; baseline 0 -24"><span class='ocrx_word' id='word_1_22' title='bbox 335 872 459 960; x_wconf 80' lang='lat' dir='ltr'><strong>aliquis</strong></span> <span class='ocrx_word' id='word_1_23' title='bbox 483 869 620 950; x_wconf 77' lang='lat' dir='ltr'><strong>titulus,</strong></span> <span class='ocrx_word' id='word_1_24' title='bbox 643 907 687 918; x_wconf 98' lang='lat'>—</span> <span class='ocrx_word' id='word_1_25' title='bbox 710 891 772 934; x_wconf 86' lang='lat' dir='ltr'><strong>nec</strong></span> <span class='ocrx_word' id='word_1_26' title='bbox 796 870 826 934; x_wconf 82' lang='lat' dir='ltr'><strong>si</strong></span> <span class='ocrx_word' id='word_1_27' title='bbox 849 869 972 934; x_wconf 88' lang='lat' dir='ltr'><strong>titulus</strong></span> <span class='ocrx_word' id='word_1_28' title='bbox 990 870 1036 934; x_wconf 82' lang='lat' dir='ltr'><strong>sit</strong></span> <span class='ocrx_word' id='word_1_29' title='bbox 1060 869 1256 934; x_wconf 70' lang='lat' dir='ltr'><strong>resolutioni</strong></span> <span class='ocrx_word' id='word_1_30' title='bbox 1280 872 1460 955; x_wconf 70' lang='lat' dir='ltr'><strong>obnoxius,</strong></span> 
     </span>
     <span class='ocr_line' id='line_1_5' title="bbox 332 983 1463 1074; baseline 0.001 -26"><span class='ocrx_word' id='word_1_31' title='bbox 332 988 414 1074; x_wconf 85' lang='lat' dir='ltr'><strong>quia</strong></span> <span class='ocrx_word' id='word_1_32' title='bbox 431 985 569 1050; x_wconf 85' lang='lat' dir='ltr'><strong>interim</strong></span> <span class='ocrx_word' id='word_1_33' title='bbox 593 1007 662 1048; x_wconf 88' lang='lat' dir='ltr'><strong>non</strong></span> <span class='ocrx_word' id='word_1_34' title='bbox 680 983 778 1048; x_wconf 86' lang='lat' dir='ltr'><strong>deest</strong></span> <span class='ocrx_word' id='word_1_35' title='bbox 800 983 939 1057; x_wconf 82' lang='lat' dir='ltr'><strong>titulus,</strong></span> <span class='ocrx_word' id='word_1_36' title='bbox 959 1021 1004 1032; x_wconf 90' lang='lat'>-</span> <span class='ocrx_word' id='word_1_37' title='bbox 1027 1007 1089 1048; x_wconf 85' lang='lat' dir='ltr'><strong>uec</strong></span> <span class='ocrx_word' id='word_1_38' title='bbox 1113 985 1142 1047; x_wconf 91' lang='lat' dir='ltr'><strong>si</strong></span> <span class='ocrx_word' id='word_1_39' title='bbox 1165 985 1287 1048; x_wconf 85' lang='lat' dir='ltr'><strong>titulus</strong></span> <span class='ocrx_word' id='word_1_40' title='bbox 1304 985 1351 1048; x_wconf 86' lang='lat' dir='ltr'><strong>sit</strong></span> <span class='ocrx_word' id='word_1_41' title='bbox 1367 987 1463 1070; x_wconf 82' lang='lat' dir='ltr'><strong>fidu-</strong></span> 
     </span>
     <span class='ocr_line' id='line_1_6' title="bbox 334 1097 1462 1184; baseline -0.001 -19"><span class='ocrx_word' id='word_1_42' title='bbox 334 1101 475 1182; x_wconf 78' lang='lat' dir='ltr'><strong>ciariue,</strong></span> <span class='ocrx_word' id='word_1_43' title='bbox 497 1097 532 1162; x_wconf 93' lang='lat' dir='ltr'><strong>id</strong></span> <span class='ocrx_word' id='word_1_44' title='bbox 560 1105 628 1176; x_wconf 83' lang='lat' dir='ltr'><strong>est,</strong></span> <span class='ocrx_word' id='word_1_45' title='bbox 656 1121 737 1162; x_wconf 86' lang='lat' dir='ltr'><strong>curn</strong></span> <span class='ocrx_word' id='word_1_46' title='bbox 762 1097 960 1162; x_wconf 82' lang='lat' dir='ltr'><strong>condicione</strong></span> <span class='ocrx_word' id='word_1_47' title='bbox 973 1119 1047 1160; x_wconf 89' lang='lat' dir='ltr'><strong>non</strong></span> <span class='ocrx_word' id='word_1_48' title='bbox 1070 1097 1209 1184; x_wconf 82' lang='lat' dir='ltr'><strong>petendi</strong></span> <span class='ocrx_word' id='word_1_49' title='bbox 1232 1097 1378 1180; x_wconf 72' lang='lat' dir='ltr'><strong>iuuenis,</strong></span> <span class='ocrx_word' id='word_1_50' title='bbox 1400 1107 1462 1164; x_wconf 72' lang='lat' dir='ltr'><strong>aut</strong></span> 
     </span>
     <span class='ocr_line' id='line_1_7' title="bbox 333 1211 1459 1298; baseline -0.003 -19"><span class='ocrx_word' id='word_1_51' title='bbox 333 1238 393 1280; x_wconf 88' lang='lat' dir='ltr'><strong>eos</strong></span> <span class='ocrx_word' id='word_1_52' title='bbox 423 1211 640 1290; x_wconf 84' lang='lat' dir='ltr'><strong>restituendi,</strong></span> <span class='ocrx_word' id='word_1_53' title='bbox 673 1212 753 1298; x_wconf 83' lang='lat' dir='ltr'><strong>quia</strong></span> <span class='ocrx_word' id='word_1_54' title='bbox 786 1212 857 1275; x_wconf 66' lang='lat' dir='ltr'><strong>ba‘o</strong></span> <span class='ocrx_word' id='word_1_55' title='bbox 894 1211 1047 1275; x_wconf 86' lang='lat' dir='ltr'><strong>condicio</strong></span> <span class='ocrx_word' id='word_1_56' title='bbox 1078 1211 1231 1276; x_wconf 84' lang='lat' dir='ltr'><strong>irritatur</strong></span> <span class='ocrx_word' id='word_1_57' title='bbox 1266 1235 1284 1276; x_wconf 90' lang='lat' dir='ltr'><strong>a</strong></span> <span class='ocrx_word' id='word_1_58' title='bbox 1314 1213 1459 1277; x_wconf 82' lang='lat' dir='ltr'><strong>conuitio</strong></span> 
     </span>
     <span class='ocr_line' id='line_1_8' title="bbox 335 1325 1459 1409; baseline -0.003 -16"><span class='ocrx_word' id='word_1_59' title='bbox 335 1329 426 1393; x_wconf 90' lang='lat' dir='ltr'><strong>Trid.</strong></span> <span class='ocrx_word' id='word_1_60' title='bbox 442 1332 463 1408; x_wconf 85' lang='lat'><strong>¹,</strong></span> <span class='ocrx_word' id='word_1_61' title='bbox 485 1365 529 1375; x_wconf 90' lang='lat'><em>-</em></span> <span class='ocrx_word' id='word_1_62' title='bbox 547 1327 617 1390; x_wconf 90' lang='lat' dir='ltr'><strong>imo</strong></span> <span class='ocrx_word' id='word_1_63' title='bbox 635 1347 699 1389; x_wconf 89' lang='lat' dir='ltr'><strong>neo</strong></span> <span class='ocrx_word' id='word_1_64' title='bbox 719 1325 748 1388; x_wconf 88' lang='lat' dir='ltr'><strong>si</strong></span> <span class='ocrx_word' id='word_1_65' title='bbox 762 1325 885 1390; x_wconf 88' lang='lat' dir='ltr'><strong>titulus</strong></span> <span class='ocrx_word' id='word_1_66' title='bbox 904 1325 1006 1388; x_wconf 87' lang='lat' dir='ltr'><strong>fuerit</strong></span> <span class='ocrx_word' id='word_1_67' title='bbox 1024 1327 1100 1409; x_wconf 76' lang='lat' dir='ltr'><strong>ficte</strong></span> <span class='ocrx_word' id='word_1_68' title='bbox 1113 1325 1272 1404; x_wconf 78' lang='lat' dir='ltr'><strong>donatus,</strong></span> <span class='ocrx_word' id='word_1_69' title='bbox 1294 1325 1328 1390; x_wconf 94' lang='lat' dir='ltr'><strong>id</strong></span> <span class='ocrx_word' id='word_1_70' title='bbox 1347 1329 1459 1406; x_wconf 79' lang='lat' dir='ltr'><strong>est‚.si</strong></span> 
     </span>
     <span class='ocr_line' id='line_1_9' title="bbox 334 1439 1458 1530; baseline -0.003 -23"><span class='ocrx_word' id='word_1_71' title='bbox 334 1441 578 1530; x_wconf 79' lang='lat' dir='ltr'><strong>patrimonium</strong></span> <span class='ocrx_word' id='word_1_72' title='bbox 606 1439 706 1504; x_wconf 83' lang='lat' dir='ltr'><strong>suerit</strong></span> <span class='ocrx_word' id='word_1_73' title='bbox 736 1439 901 1502; x_wconf 80' lang='lat' dir='ltr'><strong>donatum</strong></span> <span class='ocrx_word' id='word_1_74' title='bbox 931 1439 1003 1502; x_wconf 81' lang='lat' dir='ltr'><strong>eine</strong></span> <span class='ocrx_word' id='word_1_75' title='bbox 1034 1461 1111 1502; x_wconf 84' lang='lat' dir='ltr'><strong>vero</strong></span> <span class='ocrx_word' id='word_1_76' title='bbox 1139 1441 1253 1504; x_wconf 75' lang='lat' dir='ltr'><strong>ammo</strong></span> <span class='ocrx_word' id='word_1_77' title='bbox 1282 1441 1370 1504; x_wconf 84' lang='lat' dir='ltr'><strong>illud</strong></span> <span class='ocrx_word' id='word_1_78' title='bbox 1393 1441 1458 1504; x_wconf 90' lang='lat' dir='ltr'><strong>do-</strong></span> 
     </span>
     <span class='ocr_line' id='line_1_10' title="bbox 336 1551 1459 1641; baseline -0.002 -21"><span class='ocrx_word' id='word_1_79' title='bbox 336 1557 455 1638; x_wconf 80' lang='lat' dir='ltr'><strong>nandi,</strong></span> <span class='ocrx_word' id='word_1_80' title='bbox 482 1555 576 1641; x_wconf 84' lang='lat' dir='ltr'><strong>quia,</strong></span> <span class='ocrx_word' id='word_1_81' title='bbox 599 1551 765 1640; x_wconf 90' lang='lat' dir='ltr'><strong>quidquid</strong></span> <span class='ocrx_word' id='word_1_82' title='bbox 790 1559 843 1616; x_wconf 89' lang='lat' dir='ltr'><strong>est</strong></span> <span class='ocrx_word' id='word_1_83' title='bbox 866 1552 908 1616; x_wconf 90' lang='lat' dir='ltr'><strong>de</strong></span> <span class='ocrx_word' id='word_1_84' title='bbox 931 1552 1003 1616; x_wconf 82' lang='lat' dir='ltr'><strong>foro</strong></span> <span class='ocrx_word' id='word_1_85' title='bbox 1027 1553 1179 1632; x_wconf 78' lang='lat' dir='ltr'><strong>interno,</strong></span> <span class='ocrx_word' id='word_1_86' title='bbox 1205 1553 1343 1618; x_wconf 82' lang='lat' dir='ltr'><strong>donatio</strong></span> <span class='ocrx_word' id='word_1_87' title='bbox 1365 1554 1459 1618; x_wconf 72' lang='lat' dir='ltr'><strong>vaiet</strong></span> 
     </span>
     <span class='ocr_line' id='line_1_11' title="bbox 332 1665 1455 1754; baseline -0.004 -20"><span class='ocrx_word' id='word_1_88' title='bbox 332 1671 368 1734; x_wconf 89' lang='lat' dir='ltr'><strong>iu</strong></span> <span class='ocrx_word' id='word_1_89' title='bbox 386 1669 460 1734; x_wconf 82' lang='lat' dir='ltr'><strong>toro</strong></span> <span class='ocrx_word' id='word_1_90' title='bbox 479 1675 633 1746; x_wconf 83' lang='lat' dir='ltr'><strong>externo,</strong></span> <span class='ocrx_word' id='word_1_91' title='bbox 655 1673 833 1754; x_wconf 82' lang='lat' dir='ltr'><strong>potestque</strong></span> <span class='ocrx_word' id='word_1_92' title='bbox 854 1665 1033 1753; x_wconf 87' lang='lat' dir='ltr'><strong>episeopus</strong></span> <span class='ocrx_word' id='word_1_93' title='bbox 1052 1669 1169 1730; x_wconf 86' lang='lat' dir='ltr'><strong>fiotum</strong></span> <span class='ocrx_word' id='word_1_94' title='bbox 1187 1667 1400 1748; x_wconf 73' lang='lat' dir='ltr'><strong>donatorem,</strong></span> <span class='ocrx_word' id='word_1_95' title='bbox 1421 1669 1455 1730; x_wconf 94' lang='lat' dir='ltr'><strong>in</strong></span> 
     </span>
     <span class='ocr_line' id='line_1_12' title="bbox 334 1779 1456 1870; baseline -0.001 -23"><span class='ocrx_word' id='word_1_96' title='bbox 334 1807 469 1870; x_wconf 82' lang='lat' dir='ltr'><strong>poenanr</strong></span> <span class='ocrx_word' id='word_1_97' title='bbox 489 1781 540 1846; x_wconf 91' lang='lat' dir='ltr'><strong>sui</strong></span> <span class='ocrx_word' id='word_1_98' title='bbox 561 1781 689 1860; x_wconf 81' lang='lat' dir='ltr'><strong>delicti,</strong></span> <span class='ocrx_word' id='word_1_99' title='bbox 710 1779 810 1844; x_wconf 88' lang='lat' dir='ltr'><strong>bonis</strong></span> <span class='ocrx_word' id='word_1_100' title='bbox 829 1781 907 1844; x_wconf 85' lang='lat' dir='ltr'><strong>ticte</strong></span> <span class='ocrx_word' id='word_1_101' title='bbox 929 1781 1065 1845; x_wconf 84' lang='lat' dir='ltr'><strong>donatis</strong></span> <span class='ocrx_word' id='word_1_102' title='bbox 1085 1781 1218 1868; x_wconf 82' lang='lat' dir='ltr'><strong>privare</strong></span> <span class='ocrx_word' id='word_1_103' title='bbox 1232 1785 1254 1847; x_wconf 77' lang='lat'><strong>².</strong></span> <span class='ocrx_word' id='word_1_104' title='bbox 1275 1819 1320 1830; x_wconf 91' lang='lat'>—</span> <span class='ocrx_word' id='word_1_105' title='bbox 1339 1780 1456 1860; x_wconf 78' lang='lat' dir='ltr'><strong>Quoad</strong></span> 
     </span>
     <span class='ocr_line' id='line_1_13' title="bbox 334 1895 1457 1986; baseline -0.004 -23"><span class='ocrx_word' id='word_1_106' title='bbox 334 1897 520 1986; x_wconf 80' lang='lat' dir='ltr'><strong>posteriuS‚</strong></span> <span class='ocrx_word' id='word_1_107' title='bbox 542 1895 740 1982; x_wconf 70' lang='lat' dir='ltr'>requiritur,</span> <span class='ocrx_word' id='word_1_108' title='bbox 763 1917 804 1958; x_wconf 87' lang='lat' dir='ltr'><strong>ex</strong></span> <span class='ocrx_word' id='word_1_109' title='bbox 829 1895 903 1981; x_wconf 89' lang='lat' dir='ltr'><strong>ipso</strong></span> <span class='ocrx_word' id='word_1_110' title='bbox 930 1895 986 1960; x_wconf 88' lang='lat' dir='ltr'><strong>cit.</strong></span> <span class='ocrx_word' id='word_1_111' title='bbox 1017 1902 1130 1974; x_wconf 78' lang='lat' dir='ltr'><strong>textu,</strong></span> <span class='ocrx_word' id='word_1_112' title='bbox 1152 1903 1290 1982; x_wconf 88' lang='lat' dir='ltr'><strong>pactum</strong></span> <span class='ocrx_word' id='word_1_113' title='bbox 1311 1905 1347 1960; x_wconf 89' lang='lat' dir='ltr'><strong>ut</strong></span> <span class='ocrx_word' id='word_1_114' title='bbox 1367 1897 1457 1960; x_wconf 90' lang='lat' dir='ltr'><strong>ordi·</strong></span> 
     </span>
     <span class='ocr_line' id='line_1_14' title="bbox 336 2009 1455 2098; baseline -0.004 -22"><span class='ocrx_word' id='word_1_115' title='bbox 336 2021 435 2076; x_wconf 77' lang='lat' dir='ltr'><strong>natus</strong></span> <span class='ocrx_word' id='word_1_116' title='bbox 464 2034 530 2074; x_wconf 87' lang='lat' dir='ltr'><strong>non</strong></span> <span class='ocrx_word' id='word_1_117' title='bbox 551 2017 646 2094; x_wconf 81' lang='lat' dir='ltr'><strong>petat</strong></span> <span class='ocrx_word' id='word_1_118' title='bbox 673 2009 716 2072; x_wconf 81' lang='lat' dir='ltr'><strong>ab</strong></span> <span class='ocrx_word' id='word_1_119' title='bbox 741 2010 891 2094; x_wconf 76' lang='lat' dir='ltr'><strong>episcopo</strong></span> <span class='ocrx_word' id='word_1_120' title='bbox 918 2010 1099 2092; x_wconf 83' lang='lat' dir='ltr'><strong>alimenta,·</strong></span> <span class='ocrx_word' id='word_1_121' title='bbox 1128 2017 1161 2073; x_wconf 92' lang='lat' dir='ltr'><strong>et</strong></span> <span class='ocrx_word' id='word_1_122' title='bbox 1190 2009 1344 2098; x_wconf 86' lang='lat' dir='ltr'><strong>quidem,</strong></span> <span class='ocrx_word' id='word_1_123' title='bbox 1378 2009 1455 2096; x_wconf 84' lang='lat' dir='ltr'><strong>quia</strong></span> 
     </span>
     <span class='ocr_line' id='line_1_15' title="bbox 334 2122 1457 2211; baseline -0.004 -20"><span class='ocrx_word' id='word_1_124' title='bbox 334 2149 451 2191; x_wconf 91' lang='lat' dir='ltr'><strong>sumus</strong></span> <span class='ocrx_word' id='word_1_125' title='bbox 477 2125 511 2188; x_wconf 93' lang='lat' dir='ltr'><strong>in</strong></span> <span class='ocrx_word' id='word_1_126' title='bbox 538 2123 679 2188; x_wconf 79' lang='lat' dir='ltr'><strong>materia</strong></span> <span class='ocrx_word' id='word_1_127' title='bbox 708 2122 841 2204; x_wconf 86' lang='lat' dir='ltr'><strong>odiosa,</strong></span> <span class='ocrx_word' id='word_1_128' title='bbox 867 2123 1053 2211; x_wconf 78' lang='lat' dir='ltr'>requiritur</span> <span class='ocrx_word' id='word_1_129' title='bbox 1076 2131 1213 2210; x_wconf 83' lang='lat' dir='ltr'><strong>pactum</strong></span> <span class='ocrx_word' id='word_1_130' title='bbox 1242 2147 1433 2210; x_wconf 74' lang='lat' dir='ltr'><strong>expressum</strong></span> <span class='ocrx_word' id='word_1_131' title='bbox 1442 2142 1457 2200; x_wconf 70' lang='lat'><strong>‚⁸</strong></span> 
     </span>
     <span class='ocr_line' id='line_1_16' title="bbox 332 2237 1457 2323; baseline -0.004 -18"><span class='ocrx_word' id='word_1_132' title='bbox 332 2240 422 2305; x_wconf 85' lang='lat' dir='ltr'><strong>unde</strong></span> <span class='ocrx_word' id='word_1_133' title='bbox 453 2261 522 2302; x_wconf 96' lang='lat' dir='ltr'><strong>non</strong></span> <span class='ocrx_word' id='word_1_134' title='bbox 553 2237 677 2302; x_wconf 82' lang='lat' dir='ltr'><strong>suffieit</strong></span> <span class='ocrx_word' id='word_1_135' title='bbox 692 2237 874 2322; x_wconf 76' lang='lat' dir='ltr'><strong>promissio</strong></span> <span class='ocrx_word' id='word_1_136' title='bbox 897 2238 1042 2323; x_wconf 75' lang='lat' dir='ltr'><strong>simplex</strong></span> <span class='ocrx_word' id='word_1_137' title='bbox 1071 2237 1264 2318; x_wconf 84' lang='lat' dir='ltr'><strong>ordinandi,</strong></span> <span class='ocrx_word' id='word_1_138' title='bbox 1296 2261 1358 2302; x_wconf 87' lang='lat' dir='ltr'><strong>nec</strong></span> <span class='ocrx_word' id='word_1_139' title='bbox 1383 2261 1457 2323; x_wconf 77' lang='lat' dir='ltr'><strong>spos</strong></span> 
     </span>
     <span class='ocr_line' id='line_1_17' title="bbox 333 2351 1152 2442; baseline -0.002 -24"><span class='ocrx_word' id='word_1_140' title='bbox 333 2377 433 2442; x_wconf 85' lang='lat' dir='ltr'><strong>quam</strong></span> <span class='ocrx_word' id='word_1_141' title='bbox 455 2353 558 2417; x_wconf 85' lang='lat' dir='ltr'><strong>etiam</strong></span> <span class='ocrx_word' id='word_1_142' title='bbox 577 2351 726 2416; x_wconf 88' lang='lat' dir='ltr'><strong>exterius</strong></span> <span class='ocrx_word' id='word_1_143' title='bbox 746 2351 942 2415; x_wconf 81' lang='lat' dir='ltr'><strong>manifestet</strong></span> <span class='ocrx_word' id='word_1_144' title='bbox 961 2352 1152 2439; x_wconf 80' lang='lat' dir='ltr'><strong>episcopus,</strong></span> 
     </span>
    </p>

    <p class='ocr_par' dir='ltr' id='par_1_3' title="bbox 327 2465 1457 3465">
     <span class='ocr_line' id='line_1_18' title="bbox 377 2465 1456 2552; baseline -0.004 -20"><span class='ocrx_word' id='word_1_145' title='bbox 377 2468 410 2532; x_wconf 80' lang='lat' dir='ltr'><strong>b.</strong></span> <span class='ocrx_word' id='word_1_146' title='bbox 435 2467 514 2530; x_wconf 67' lang='lat' dir='ltr'><strong>Hauc</strong></span> <span class='ocrx_word' id='word_1_147' title='bbox 530 2465 707 2552; x_wconf 84' lang='lat' dir='ltr'><strong>suspensio</strong></span> <span class='ocrx_word' id='word_1_148' title='bbox 727 2465 922 2545; x_wconf 87' lang='lat' dir='ltr'>incurritur,</span> <span class='ocrx_word' id='word_1_149' title='bbox 941 2465 1011 2530; x_wconf 89' lang='lat' dir='ltr'><strong>sive</strong></span> <span class='ocrx_word' id='word_1_150' title='bbox 1027 2465 1207 2552; x_wconf 86' lang='lat' dir='ltr'><strong>episcopus</strong></span> <span class='ocrx_word' id='word_1_151' title='bbox 1226 2465 1359 2530; x_wconf 90' lang='lat' dir='ltr'><strong>ordinet</strong></span> <span class='ocrx_word' id='word_1_152' title='bbox 1373 2487 1456 2550; x_wconf 91' lang='lat' dir='ltr'><strong>pro-</strong></span> 
     </span>
     <span class='ocr_line' id='line_1_19' title="bbox 327 2578 1451 2666; baseline -0.004 -22"><span class='ocrx_word' id='word_1_153' title='bbox 327 2582 448 2666; x_wconf 90' lang='lat' dir='ltr'><strong>prium</strong></span> <span class='ocrx_word' id='word_1_154' title='bbox 472 2578 663 2660; x_wconf 90' lang='lat' dir='ltr'><strong>subditum,</strong></span> <span class='ocrx_word' id='word_1_155' title='bbox 686 2578 757 2642; x_wconf 83' lang='lat' dir='ltr'><strong>sive</strong></span> <span class='ocrx_word' id='word_1_156' title='bbox 784 2579 950 2660; x_wconf 82' lang='lat' dir='ltr'><strong>alienum,</strong></span> <span class='ocrx_word' id='word_1_157' title='bbox 977 2579 1055 2666; x_wconf 89' lang='lat' dir='ltr'><strong>quia</strong></span> <span class='ocrx_word' id='word_1_158' title='bbox 1081 2578 1137 2643; x_wconf 86' lang='lat' dir='ltr'><strong>lex</strong></span> <span class='ocrx_word' id='word_1_159' title='bbox 1164 2601 1233 2643; x_wconf 94' lang='lat' dir='ltr'><strong>non</strong></span> <span class='ocrx_word' id='word_1_160' title='bbox 1259 2578 1451 2666; x_wconf 81' lang='lat' dir='ltr'><strong>distinguit;</strong></span> 
     </span>
     <span class='ocr_line' id='line_1_20' title="bbox 333 2692 1455 2777; baseline -0.004 -18"><span class='ocrx_word' id='word_1_161' title='bbox 333 2694 526 2760; x_wconf 81' lang='lat' dir='ltr'><strong>extenditur</strong></span> <span class='ocrx_word' id='word_1_162' title='bbox 556 2692 598 2757; x_wconf 84' lang='lat' dir='ltr'><strong>ad</strong></span> <span class='ocrx_word' id='word_1_163' title='bbox 627 2692 845 2756; x_wconf 83' lang='lat' dir='ltr'><strong>collationem</strong></span> <span class='ocrx_word' id='word_1_164' title='bbox 874 2693 1027 2756; x_wconf 86' lang='lat' dir='ltr'><strong>omnium</strong></span> <span class='ocrx_word' id='word_1_165' title='bbox 1064 2693 1241 2777; x_wconf 82' lang='lat' dir='ltr'><strong>ordinum,</strong></span> <span class='ocrx_word' id='word_1_166' title='bbox 1273 2716 1341 2758; x_wconf 94' lang='lat' dir='ltr'><strong>nou</strong></span> <span class='ocrx_word' id='word_1_167' title='bbox 1374 2715 1455 2756; x_wconf 87' lang='lat' dir='ltr'><strong>vero</strong></span> 
     </span>
     <span class='ocr_line' id='line_1_21' title="bbox 331 2805 1457 2895; baseline -0.004 -22"><span class='ocrx_word' id='word_1_168' title='bbox 331 2817 490 2888; x_wconf 67' lang='lat' dir='ltr'><strong>tonsure,</strong></span> <span class='ocrx_word' id='word_1_169' title='bbox 520 2829 594 2894; x_wconf 81' lang='lat' dir='ltr'><strong>quae</strong></span> <span class='ocrx_word' id='word_1_170' title='bbox 621 2805 831 2894; x_wconf 87' lang='lat' dir='ltr'><strong>probabilius</strong></span> <span class='ocrx_word' id='word_1_171' title='bbox 861 2829 930 2870; x_wconf 96' lang='lat' dir='ltr'><strong>non</strong></span> <span class='ocrx_word' id='word_1_172' title='bbox 965 2814 1018 2871; x_wconf 84' lang='lat' dir='ltr'><strong>est</strong></span> <span class='ocrx_word' id='word_1_173' title='bbox 1048 2808 1147 2886; x_wconf 89' lang='lat' dir='ltr'><strong>ordo;</strong></span> <span class='ocrx_word' id='word_1_174' title='bbox 1182 2807 1252 2872; x_wconf 78' lang='lat' dir='ltr'><strong>haee</strong></span> <span class='ocrx_word' id='word_1_175' title='bbox 1279 2807 1457 2895; x_wconf 87' lang='lat' dir='ltr'><strong>suspensio</strong></span> 
     </span>
     <span class='ocr_line' id='line_1_22' title="bbox 331 2921 1452 3010; baseline -0.004 -23"><span class='ocrx_word' id='word_1_176' title='bbox 331 2945 400 2987; x_wconf 91' lang='lat' dir='ltr'><strong>non</strong></span> <span class='ocrx_word' id='word_1_177' title='bbox 432 2922 531 2986; x_wconf 90' lang='lat' dir='ltr'><strong>durat</strong></span> <span class='ocrx_word' id='word_1_178' title='bbox 558 2921 624 2985; x_wconf 93' lang='lat' dir='ltr'><strong>nisi</strong></span> <span class='ocrx_word' id='word_1_179' title='bbox 655 2943 715 3007; x_wconf 88' lang='lat' dir='ltr'><strong>per</strong></span> <span class='ocrx_word' id='word_1_180' title='bbox 747 2921 949 3001; x_wconf 82' lang='lat' dir='ltr'><strong>triennium,</strong></span> <span class='ocrx_word' id='word_1_181' title='bbox 971 2944 1038 3009; x_wconf 93' lang='lat' dir='ltr'><strong>quo</strong></span> <span class='ocrx_word' id='word_1_182' title='bbox 1072 2921 1220 3009; x_wconf 84' lang='lat' dir='ltr'><strong>expleto,</strong></span> <span class='ocrx_word' id='word_1_183' title='bbox 1250 2945 1349 3010; x_wconf 87' lang='lat' dir='ltr'><strong>poena</strong></span> <span class='ocrx_word' id='word_1_184' title='bbox 1380 2922 1452 3007; x_wconf 92' lang='lat' dir='ltr'><strong>ipso</strong></span> 
     </span>
     <span class='ocr_line' id='line_1_23' title="bbox 330 3033 1453 3116; baseline -0.003 -15"><span class='ocrx_word' id='word_1_185' title='bbox 330 3037 420 3101; x_wconf 84' lang='lat' dir='ltr'><strong>facto</strong></span> <span class='ocrx_word' id='word_1_186' title='bbox 440 3043 566 3113; x_wconf 85' lang='lat' dir='ltr'><strong>cessat;</strong></span> <span class='ocrx_word' id='word_1_187' title='bbox 589 3035 724 3098; x_wconf 89' lang='lat' dir='ltr'><strong>interim</strong></span> <span class='ocrx_word' id='word_1_188' title='bbox 744 3057 837 3114; x_wconf 75' lang='lat' dir='ltr'><strong>vero,</strong></span> <span class='ocrx_word' id='word_1_189' title='bbox 861 3033 983 3115; x_wconf 86' lang='lat' dir='ltr'><strong>idest,</strong></span> <span class='ocrx_word' id='word_1_190' title='bbox 1005 3035 1147 3100; x_wconf 87' lang='lat' dir='ltr'><strong>durante</strong></span> <span class='ocrx_word' id='word_1_191' title='bbox 1167 3035 1327 3116; x_wconf 88' lang='lat' dir='ltr'><strong>triennio,</strong></span> <span class='ocrx_word' id='word_1_192' title='bbox 1349 3057 1453 3100; x_wconf 90' lang='lat' dir='ltr'><strong>reser-</strong></span> 
     </span>
     <span class='ocr_line' id='line_1_24' title="bbox 330 3147 1452 3236; baseline -0.003 -21"><span class='ocrx_word' id='word_1_193' title='bbox 330 3158 429 3214; x_wconf 87' lang='lat' dir='ltr'><strong>vatur</strong></span> <span class='ocrx_word' id='word_1_194' title='bbox 455 3149 655 3236; x_wconf 87' lang='lat' dir='ltr'><strong>simpliciter</strong></span> <span class='ocrx_word' id='word_1_195' title='bbox 679 3149 720 3213; x_wconf 86' lang='lat' dir='ltr'><strong>R.</strong></span> <span class='ocrx_word' id='word_1_196' title='bbox 748 3148 922 3229; x_wconf 85' lang='lat' dir='ltr'><strong>Pontifici,</strong></span> <span class='ocrx_word' id='word_1_197' title='bbox 944 3154 983 3214; x_wconf 91' lang='lat' dir='ltr'><strong>ut</strong></span> <span class='ocrx_word' id='word_1_198' title='bbox 1006 3157 1100 3234; x_wconf 85' lang='lat' dir='ltr'><strong>patet</strong></span> <span class='ocrx_word' id='word_1_199' title='bbox 1130 3149 1203 3235; x_wconf 93' lang='lat' dir='ltr'><strong>ipso</strong></span> <span class='ocrx_word' id='word_1_200' title='bbox 1230 3156 1327 3214; x_wconf 80' lang='lat' dir='ltr'><strong>textu</strong></span> <span class='ocrx_word' id='word_1_201' title='bbox 1353 3147 1452 3212; x_wconf 64' lang='lat' dir='ltr'><strong>bullae</strong></span> 
     </span>
     <span class='ocr_line' id='line_1_25' title="bbox 330 3261 1453 3349; baseline -0.004 -20"><span class='ocrx_word' id='word_1_202' title='bbox 330 3265 531 3349; x_wconf 77' lang='lat' dir='ltr'><strong>Apostolicae</strong></span> <span class='ocrx_word' id='word_1_203' title='bbox 551 3263 647 3326; x_wconf 81' lang='lat' dir='ltr'><strong>Sedis</strong></span> <span class='ocrx_word' id='word_1_204' title='bbox 662 3284 674 3327; x_wconf 90' lang='lat'><strong>.·</strong></span> <span class='ocrx_word' id='word_1_205' title='bbox 707 3289 721 3322; x_wconf 76' lang='lat' dir='ltr'><strong>n</strong></span> <span class='ocrx_word' id='word_1_206' title='bbox 745 3261 992 3348; x_wconf 90' lang='lat' dir='ltr'><strong>Suspensiones</strong></span> <span class='ocrx_word' id='word_1_207' title='bbox 1010 3261 1090 3328; x_wconf 73' lang='lat' dir='ltr'><strong>latu</strong></span> <span class='ocrx_word' id='word_1_208' title='bbox 1116 3265 1293 3328; x_wconf 77' lang='lat' dir='ltr'><strong>sententiae</strong></span> <span class='ocrx_word' id='word_1_209' title='bbox 1312 3263 1453 3327; x_wconf 85' lang='lat' dir='ltr'><strong>Summo</strong></span> 
     </span>
     <span class='ocr_line' id='line_1_26' title="bbox 331 3374 1452 3465; baseline -0.001 -25"><span class='ocrx_word' id='word_1_210' title='bbox 331 3379 488 3460; x_wconf 78' lang='lat' dir='ltr'><strong>Pontifici</strong></span> <span class='ocrx_word' id='word_1_211' title='bbox 521 3385 704 3440; x_wconf 68' lang='lat' dir='ltr'><strong>reservata.</strong></span> <span class='ocrx_word' id='word_1_212' title='bbox 739 3405 754 3436; x_wconf 67' lang='grc' dir='ltr'><strong>»ι</strong></span> <span class='ocrx_word' id='word_1_213' title='bbox 786 3374 1027 3463; x_wconf 88' lang='lat' dir='ltr'><strong>—Quidquid</strong></span> <span class='ocrx_word' id='word_1_214' title='bbox 1055 3383 1168 3441; x_wconf 87' lang='lat' dir='ltr'><strong>autem</strong></span> <span class='ocrx_word' id='word_1_215' title='bbox 1194 3376 1312 3442; x_wconf 88' lang='lat' dir='ltr'><strong>dicunt</strong></span> <span class='ocrx_word' id='word_1_216' title='bbox 1340 3376 1452 3465; x_wconf 88' lang='lat' dir='ltr'><strong>plures</strong></span> 
     </span>
    </p>
   </div>
   <div class='ocr_carea' id='block_1_3' title="bbox 330 3489 1450 3577">
    <p class='ocr_par' dir='ltr' id='par_1_4' title="bbox 330 3489 1450 3577">
     <span class='ocr_line' id='line_1_27' title="bbox 330 3489 1450 3577; baseline -0.004 -21"><span class='ocrx_word' id='word_1_217' title='bbox 330 3498 485 3556; x_wconf 84' lang='lat' dir='ltr'><strong>auctores</strong></span> <span class='ocrx_word' id='word_1_218' title='bbox 495 3491 518 3570; x_wconf 79' lang='lat'><strong>³,</strong></span> <span class='ocrx_word' id='word_1_219' title='bbox 533 3489 712 3577; x_wconf 86' lang='lat' dir='ltr'><strong>episcopus</strong></span> <span class='ocrx_word' id='word_1_220' title='bbox 732 3490 904 3554; x_wconf 76' lang='lat' dir='ltr'><strong>dimittens</strong></span> <span class='ocrx_word' id='word_1_221' title='bbox 923 3511 992 3553; x_wconf 92' lang='lat' dir='ltr'><strong>non</strong></span> <span class='ocrx_word' id='word_1_222' title='bbox 1006 3489 1146 3555; x_wconf 88' lang='lat' dir='ltr'><strong>incurrit</strong></span> <span class='ocrx_word' id='word_1_223' title='bbox 1160 3489 1248 3554; x_wconf 84' lang='lat' dir='ltr'><strong>hano</strong></span> <span class='ocrx_word' id='word_1_224' title='bbox 1260 3512 1450 3568; x_wconf 77' lang='lat' dir='ltr'><strong>censuram,</strong></span> 
     </span>
    </p>
   </div>
   <div class='ocr_carea' id='block_1_4' title="bbox 327 3682 1457 4369">
    <p class='ocr_par' dir='ltr' id='par_1_5' title="bbox 328 3682 1455 3900">
     <span class='ocr_line' id='line_1_28' title="bbox 361 3682 1452 3746; baseline 0.004 -16"><span class='ocrx_word' id='word_1_225' title='bbox 361 3683 368 3715; x_wconf 87' lang='lat'><strong>¹</strong></span> <span class='ocrx_word' id='word_1_226' title='bbox 388 3683 448 3731; x_wconf 89' lang='lat' dir='ltr'><strong>ttoc</strong></span> <span class='ocrx_word' id='word_1_227' title='bbox 462 3683 533 3730; x_wconf 86' lang='lat' dir='ltr'><strong>enim</strong></span> <span class='ocrx_word' id='word_1_228' title='bbox 554 3683 711 3738; x_wconf 76' lang='lat' dir='ltr'><strong>concilium,</strong></span> <span class='ocrx_word' id='word_1_229' title='bbox 728 3682 773 3730; x_wconf 82' lang='lat' dir='ltr'><strong>cit.</strong></span> <span class='ocrx_word' id='word_1_230' title='bbox 787 3696 847 3744; x_wconf 77' lang='lat' dir='ltr'><strong>nep.</strong></span> <span class='ocrx_word' id='word_1_231' title='bbox 864 3683 932 3730; x_wconf 82' lang='lat' dir='ltr'><strong>Cum</strong></span> <span class='ocrx_word' id='word_1_232' title='bbox 951 3699 1004 3731; x_wconf 83' lang='lat' dir='ltr'><strong>non</strong></span> <span class='ocrx_word' id='word_1_233' title='bbox 1018 3683 1124 3740; x_wconf 76' lang='lat' dir='ltr'><strong>deceat,</strong></span> <span class='ocrx_word' id='word_1_234' title='bbox 1141 3686 1172 3731; x_wconf 92' lang='lat' dir='ltr'><strong>ut</strong></span> <span class='ocrx_word' id='word_1_235' title='bbox 1184 3699 1265 3746; x_wconf 72' lang='lat' dir='ltr'><strong>supin</strong></span> <span class='ocrx_word' id='word_1_236' title='bbox 1278 3685 1381 3732; x_wconf 76' lang='lat' dir='ltr'><strong>dictum</strong></span> <span class='ocrx_word' id='word_1_237' title='bbox 1394 3687 1452 3734; x_wconf 76' lang='lat' dir='ltr'><strong>est.</strong></span> 
     </span>
     <span class='ocr_line' id='line_1_29' title="bbox 329 3759 1455 3824; baseline -0.001 -16"><span class='ocrx_word' id='word_1_238' title='bbox 329 3761 456 3823; x_wconf 84' lang='lat' dir='ltr'><strong>prohibet</strong></span> <span class='ocrx_word' id='word_1_239' title='bbox 471 3763 498 3808; x_wconf 90' lang='lat' dir='ltr'><strong>et</strong></span> <span class='ocrx_word' id='word_1_240' title='bbox 513 3761 601 3808; x_wconf 86' lang='lat' dir='ltr'><strong>irritat</strong></span> <span class='ocrx_word' id='word_1_241' title='bbox 616 3759 810 3807; x_wconf 78' lang='lat' dir='ltr'><strong>oti&#39;enationem</strong></span> <span class='ocrx_word' id='word_1_242' title='bbox 827 3765 874 3808; x_wconf 88' lang='lat' dir='ltr'><strong>out</strong></span> <span class='ocrx_word' id='word_1_243' title='bbox 894 3760 1080 3809; x_wconf 77' lang='lat' dir='ltr'><strong>remissionem</strong></span> <span class='ocrx_word' id='word_1_244' title='bbox 1093 3762 1263 3824; x_wconf 83' lang='lat' dir='ltr'><strong>patrimonii,</strong></span> <span class='ocrx_word' id='word_1_245' title='bbox 1281 3763 1379 3810; x_wconf 81' lang='lat' dir='ltr'><strong>factem</strong></span> <span class='ocrx_word' id='word_1_246' title='bbox 1395 3761 1455 3808; x_wconf 86' lang='lat' dir='ltr'><strong>sine</strong></span> 
     </span>
     <span class='ocr_line' id='line_1_30' title="bbox 328 3837 1057 3900; baseline 0 -14"><span class='ocrx_word' id='word_1_247' title='bbox 328 3840 437 3888; x_wconf 85' lang='lat' dir='ltr'><strong>licentia</strong></span> <span class='ocrx_word' id='word_1_248' title='bbox 452 3838 585 3900; x_wconf 83' lang='lat' dir='ltr'><strong>episcopi,</strong></span> <span class='ocrx_word' id='word_1_249' title='bbox 602 3841 629 3885; x_wconf 88' lang='lat' dir='ltr'><strong>et</strong></span> <span class='ocrx_word' id='word_1_250' title='bbox 642 3837 835 3898; x_wconf 70' lang='lat' dir='ltr'><strong>subrogatione</strong></span> <span class='ocrx_word' id='word_1_251' title='bbox 850 3839 960 3886; x_wconf 82' lang='lat' dir='ltr'><strong>atterius</strong></span> <span class='ocrx_word' id='word_1_252' title='bbox 976 3839 1057 3886; x_wconf 90' lang='lat' dir='ltr'><strong>tituli.</strong></span> 
     </span>
    </p>

    <p class='ocr_par' dir='ltr' id='par_1_6' title="bbox 327 3915 1454 4212">
     <span class='ocr_line' id='line_1_31' title="bbox 361 3915 1450 3978; baseline -0.003 -13"><span class='ocrx_word' id='word_1_253' title='bbox 361 3917 373 3951; x_wconf 71' lang='grc' dir='ltr'>Ι</span> <span class='ocrx_word' id='word_1_254' title='bbox 388 3919 428 3965; x_wconf 86' lang='lat' dir='ltr'><strong>De</strong></span> <span class='ocrx_word' id='word_1_255' title='bbox 448 3931 502 3978; x_wconf 85' lang='lat' dir='ltr'><strong>quo</strong></span> <span class='ocrx_word' id='word_1_256' title='bbox 522 3917 556 3963; x_wconf 81' lang='lat' dir='ltr'><strong>cs.</strong></span> <span class='ocrx_word' id='word_1_257' title='bbox 572 3915 750 3963; x_wconf 87' lang='lat' dir='ltr'><strong>Benedictum</strong></span> <span class='ocrx_word' id='word_1_258' title='bbox 765 3915 839 3974; x_wconf 79' lang='lat' dir='ltr'>xlv,</span> <span class='ocrx_word' id='word_1_259' title='bbox 856 3917 924 3964; x_wconf 75' lang='lat' dir='ltr'><strong>lut.</strong></span> <span class='ocrx_word' id='word_1_260' title='bbox 945 3917 990 3964; x_wconf 66' lang='lat' dir='ltr'><strong>n</strong></span> <span class='ocrx_word' id='word_1_261' title='bbox 999 3917 1044 3974; x_wconf 86' lang='lat' dir='ltr'><strong>VI,</strong></span> <span class='ocrx_word' id='word_1_262' title='bbox 1061 3933 1086 3965; x_wconf 92' lang='lat' dir='ltr'><strong>n.</strong></span> <span class='ocrx_word' id='word_1_263' title='bbox 1103 3921 1145 3970; x_wconf 81' lang='lat'><strong>18:</strong></span> <span class='ocrx_word' id='word_1_264' title='bbox 1162 3945 1191 3953; x_wconf 92' lang='lat'>-</span> <span class='ocrx_word' id='word_1_265' title='bbox 1206 3917 1365 3971; x_wconf 78' lang='lat' dir='ltr'><strong>Monaeetti,</strong></span> <span class='ocrx_word' id='word_1_266' title='bbox 1382 3917 1450 3966; x_wconf 81' lang='lat' dir='ltr'><strong>For-</strong></span> 
     </span>
     <span class='ocr_line' id='line_1_32' title="bbox 330 3993 1452 4058; baseline -0.001 -14"><span class='ocrx_word' id='word_1_267' title='bbox 330 3993 490 4051; x_wconf 79' lang='lat' dir='ltr'><strong>mutarium,</strong></span> <span class='ocrx_word' id='word_1_268' title='bbox 507 3995 550 4042; x_wconf 89' lang='lat' dir='ltr'><strong>tit.</strong></span> <span class='ocrx_word' id='word_1_269' title='bbox 565 4009 605 4050; x_wconf 83' lang='grc' dir='ltr'>ιιι,</span> <span class='ocrx_word' id='word_1_270' title='bbox 622 3994 699 4041; x_wconf 83' lang='lat' dir='ltr'><strong>torm.</strong></span> <span class='ocrx_word' id='word_1_271' title='bbox 718 4009 776 4050; x_wconf 79' lang='lat' dir='ltr'><strong>run,</strong></span> <span class='ocrx_word' id='word_1_272' title='bbox 793 4009 818 4041; x_wconf 94' lang='lat' dir='ltr'><strong>n.</strong></span> <span class='ocrx_word' id='word_1_273' title='bbox 833 3998 860 4052; x_wconf 81' lang='lat' dir='ltr'><strong>t,</strong></span> <span class='ocrx_word' id='word_1_274' title='bbox 877 3999 896 4042; x_wconf 93' lang='lat' dir='ltr'><strong>t.</strong></span> <span class='ocrx_word' id='word_1_275' title='bbox 913 4010 933 4052; x_wconf 82' lang='lat'><strong>1,</strong></span> <span class='ocrx_word' id='word_1_276' title='bbox 953 4011 979 4057; x_wconf 89' lang='lat' dir='ltr'><strong>p.</strong></span> <span class='ocrx_word' id='word_1_277' title='bbox 993 4001 1032 4042; x_wconf 76' lang='grc'><strong>67.</strong></span> <span class='ocrx_word' id='word_1_278' title='bbox 1050 4023 1076 4032; x_wconf 88' lang='grc'>-</span> <span class='ocrx_word' id='word_1_279' title='bbox 1092 3995 1133 4043; x_wconf 90' lang='lat' dir='ltr'><strong>De</strong></span> <span class='ocrx_word' id='word_1_280' title='bbox 1148 3997 1235 4058; x_wconf 86' lang='lat' dir='ltr'><strong>pactis</strong></span> <span class='ocrx_word' id='word_1_281' title='bbox 1250 3995 1395 4042; x_wconf 87' lang='lat' dir='ltr'><strong>fiduciariis</strong></span> <span class='ocrx_word' id='word_1_282' title='bbox 1410 3997 1452 4043; x_wconf 80' lang='lat' dir='ltr'><strong>ret</strong></span> 
     </span>
     <span class='ocr_line' id='line_1_33' title="bbox 327 4073 1454 4135; baseline -0.002 -13"><span class='ocrx_word' id='word_1_283' title='bbox 327 4075 437 4123; x_wconf 80' lang='lat' dir='ltr'><strong>fictione</strong></span> <span class='ocrx_word' id='word_1_284' title='bbox 451 4073 478 4120; x_wconf 89' lang='lat' dir='ltr'><strong>iu</strong></span> <span class='ocrx_word' id='word_1_285' title='bbox 494 4073 684 4120; x_wconf 84' lang='lat' dir='ltr'><strong>constituendo</strong></span> <span class='ocrx_word' id='word_1_286' title='bbox 699 4073 862 4133; x_wconf 85' lang='lat' dir='ltr'><strong>patrimonio</strong></span> <span class='ocrx_word' id='word_1_287' title='bbox 878 4088 963 4130; x_wconf 86' lang='lat' dir='ltr'><strong>sacro,</strong></span> <span class='ocrx_word' id='word_1_288' title='bbox 979 4074 1013 4121; x_wconf 84' lang='lat' dir='ltr'><strong>ct.</strong></span> <span class='ocrx_word' id='word_1_289' title='bbox 1030 4075 1110 4122; x_wconf 88' lang='lat' dir='ltr'><strong>etiam</strong></span> <span class='ocrx_word' id='word_1_290' title='bbox 1120 4073 1289 4129; x_wconf 77' lang='lat' dir='ltr'><strong>Thesaurus,</strong></span> <span class='ocrx_word' id='word_1_291' title='bbox 1307 4073 1344 4122; x_wconf 87' lang='lat' dir='ltr'><strong>De</strong></span> <span class='ocrx_word' id='word_1_292' title='bbox 1353 4073 1454 4135; x_wconf 76' lang='lat' dir='ltr'><strong>punis,</strong></span> 
     </span>
     <span class='ocr_line' id='line_1_34' title="bbox 329 4152 801 4212; baseline 0 -14"><span class='ocrx_word' id='word_1_293' title='bbox 329 4163 359 4198; x_wconf 69' lang='grc' dir='ltr'><strong>νῦ</strong></span> <span class='ocrx_word' id='word_1_294' title='bbox 375 4152 461 4208; x_wconf 87' lang='lat' dir='ltr'><strong>Ordo,</strong></span> <span class='ocrx_word' id='word_1_295' title='bbox 477 4167 499 4199; x_wconf 94' lang='lat' dir='ltr'><strong>c.</strong></span> <span class='ocrx_word' id='word_1_296' title='bbox 517 4167 555 4208; x_wconf 82' lang='lat' dir='ltr'><strong>xi,</strong></span> <span class='ocrx_word' id='word_1_297' title='bbox 572 4166 597 4197; x_wconf 94' lang='lat' dir='ltr'><strong>n.</strong></span> <span class='ocrx_word' id='word_1_298' title='bbox 614 4156 640 4206; x_wconf 83' lang='grc'><strong>6,</strong></span> <span class='ocrx_word' id='word_1_299' title='bbox 657 4165 683 4212; x_wconf 92' lang='lat' dir='ltr'><strong>p.</strong></span> <span class='ocrx_word' id='word_1_300' title='bbox 701 4155 745 4197; x_wconf 82' lang='lat'><strong>31³</strong></span> <span class='ocrx_word' id='word_1_301' title='bbox 762 4166 801 4212; x_wconf 92' lang='lat' dir='ltr'><strong>sq.</strong></span> 
     </span>
    </p>

    <p class='ocr_par' dir='ltr' id='par_1_7' title="bbox 328 4227 1457 4369">
     <span class='ocr_line' id='line_1_35' title="bbox 360 4227 1457 4294; baseline 0 -16"><span class='ocrx_word' id='word_1_302' title='bbox 360 4233 371 4264; x_wconf 83' lang='lat'>³</span> <span class='ocrx_word' id='word_1_303' title='bbox 387 4231 467 4292; x_wconf 80' lang='lat' dir='ltr'><strong>Apud</strong></span> <span class='ocrx_word' id='word_1_304' title='bbox 483 4230 555 4286; x_wconf 80' lang='lat' dir='ltr'><strong>Fiat,</strong></span> <span class='ocrx_word' id='word_1_305' title='bbox 572 4229 789 4277; x_wconf 77' lang='lat' dir='ltr'><strong>Conuneutnriua</strong></span> <span class='ocrx_word' id='word_1_306' title='bbox 805 4227 832 4276; x_wconf 85' lang='lat' dir='ltr'><strong>in</strong></span> <span class='ocrx_word' id='word_1_307' title='bbox 849 4233 932 4278; x_wconf 78' lang='lat' dir='ltr'><strong>conat.</strong></span> <span class='ocrx_word' id='word_1_308' title='bbox 949 4229 1110 4294; x_wconf 78' lang='lat' dir='ltr'><strong>Apostolicae</strong></span> <span class='ocrx_word' id='word_1_309' title='bbox 1122 4229 1207 4286; x_wconf 79' lang='lat' dir='ltr'><strong>Sedis,</strong></span> <span class='ocrx_word' id='word_1_310' title='bbox 1223 4231 1251 4278; x_wconf 89' lang='lat' dir='ltr'><strong>in</strong></span> <span class='ocrx_word' id='word_1_311' title='bbox 1265 4229 1337 4278; x_wconf 87' lang='lat' dir='ltr'><strong>hunc</strong></span> <span class='ocrx_word' id='word_1_312' title='bbox 1350 4230 1457 4288; x_wconf 67' lang='lat' dir='ltr'><strong>tocum,</strong></span> 
     </span>
     <span class='ocr_line' id='line_1_36' title="bbox 328 4309 657 4369; baseline -0.012 -13"><span class='ocrx_word' id='word_1_313' title='bbox 328 4309 456 4368; x_wconf 87' lang='lat' dir='ltr'><strong>Tornoci‚</strong></span> <span class='ocrx_word' id='word_1_314' title='bbox 471 4314 545 4366; x_wconf 81' lang='lat'>1881,</span> <span class='ocrx_word' id='word_1_315' title='bbox 561 4323 587 4369; x_wconf 86' lang='lat' dir='ltr'><strong>p.</strong></span> <span class='ocrx_word' id='word_1_316' title='bbox 604 4313 657 4354; x_wconf 76' lang='lat'><strong>293.</strong></span> 
     </span>
    </p>
   </div>
   <div class='ocr_carea' id='block_1_5' title="bbox 0 0 1652 5054">
    <p class='ocr_par' dir='ltr' id='par_1_8' title="bbox 0 0 1652 5054">
     <span class='ocr_line' id='line_1_37' title="bbox 0 0 1652 5054; baseline 0 1"><span class='ocrx_word' id='word_1_317' title='bbox 0 0 1652 5054; x_wconf 95' lang='lat' dir='ltr'><strong> </strong></span> 
     </span>
    </p>
   </div>
  </div>
 </body>
</html>
