3294 5054
358 429 408 481 396
626 431 668 482 DE
688 431 826 483 LEGIBUS
846 431 959 482 SACRAE
978 431 1213 484 ORDINATIONIS

357 573 410 660 (et
430 573 532 638 etiam
544 573 703 654 minoreS,
722 574 844 640 saltem
859 597 918 662 per
939 576 1076 640 modum
1096 575 1321 642 ordinationis
1340 602 1479 666 genera-

356 686 414 774 lis)
433 686 638 774 recipiantur
657 695 753 752 extra
774 697 925 774 tempora
945 713 963 753 a
977 691 1062 776 jure
1080 699 1220 774 statuta,
1243 715 1364 782 nempe
1384 704 1479 758 extra

356 823 417 865 sex
430 799 570 866 sabbata
590 802 769 866 notissima
782 801 908 890 (supra,
922 825 955 868 n.
979 803 1068 890 93);
1087 826 1162 892 quae
1182 805 1238 870 lex
1258 807 1360 896 etiam
1380 831 1479 872 reno-

355 923 434 980 vata
449 922 501 980 est
518 938 537 980 a
553 915 695 981 coneilio
713 915 819 999 Trid.,
837 941 911 1004 cap.
929 917 1175 1002 Ordinationes,
1194 919 1230 1000 8,
1248 943 1333 986 sess.
1353 921 1476 995 XXIII,

357 1030 407 1094 Dr:
434 1050 517 1110 aar,
544 1029 597 1094 his
625 1029 760 1096 verbis:
788 1055 804 1092 a
836 1031 1076 1096 Ordinationes
1107 1057 1278 1099 sacrorum
1303 1035 1475 1106 ordinum.

354 1145 491 1208 statutis
517 1167 535 1208 a
554 1145 639 1230 jure
670 1147 920 1230 temporibus...
959 1145 1093 1234 publice
1127 1145 1352 1214 celebrentur.
1387 1178 1402 1210 »
1436 1187 1479 1199 -

355 1259 531 1336 Attamen,
554 1259 594 1322 de
617 1263 722 1344 sacto,
744 1259 897 1348 plerique
918 1260 1063 1326 Ordines
1087 1261 1130 1326 ab
1149 1261 1211 1327 hac
1231 1263 1306 1348 lege
1331 1264 1479 1351 exempti

356 1379 447 1437 sunt.
471 1371 522 1436 De
542 1395 609 1460 quo
629 1373 700 1437 haeo
721 1373 863 1438 dieenda
887 1394 894 1440 :

402 1487 434 1550 1ο
453 1488 543 1552 Ante
563 1486 744 1552 concilium
763 1488 869 1570 Trid.,
894 1489 1045 1578 plerique
1075 1491 1261 1577 Regulares
1281 1491 1479 1557 fruebantur

355 1603 533 1692 privilegio
559 1602 742 1690 reeipiendi
768 1602 904 1668 ordines
932 1613 1028 1668 extra
1050 1613 1219 1690 tempora,
1241 1605 1318 1670 aliis
1337 1605 1474 1684 directe,

354 1717 430 1782 aliis
449 1739 510 1806 per
536 1718 877 1783 communicationem
897 1741 1070 1784 concesso.
1101 1719 1222 1798 Porro,
1247 1720 1345 1805 juxta
1370 1720 1477 1784 mullo

354 1830 615 1920 probabiliorem
634 1831 845 1920 opinionem,
868 1831 938 1897 lraeo
958 1833 1136 1920 privilegia
1159 1833 1268 1898 adhuc
1288 1834 1386 1899 hodie
1407 1857 1477 1898 ma-

354 1953 448 2010 nent.
471 1983 514 1996 -
534 1946 641 2012 Nam:
665 1949 696 2010 l.
718 1945 821 2011 quta
841 1947 1034 2034 opinionem
1060 1947 1320 2034 probabiliorem
1341 1947 1476 2036 privile-

355 2061 409 2146 gia
430 2060 667 2146 Regularium,
690 2083 765 2148 quae
784 2083 852 2124 non
872 2060 1009 2126 luerunt
1029 2069 1185 2127 revocata
1206 2086 1225 2128 a
1245 2061 1387 2126 concilio
1406 2061 1477 2124 Tri-

354 2174 495 2239 dentino
525 2198 587 2240 nec
618 2175 652 2239 in
681 2175 826 2240 decretis
854 2175 1073 2262 specialibus,
1107 2198 1169 2241 nec
1197 2177 1231 2240 in
1264 2175 1475 2240 revocatione

354 2288 505 2376 generali
536 2288 624 2354 lacta
650 2290 683 2354 in
710 2313 784 2377 cap.
814 2289 893 2354 Haec
922 2291 1051 2374 omnia,
1081 2289 1140 2372 22,
1175 2313 1258 2356 sess.
1286 2289 1396 2368 XXV,
1426 2289 1475 2353 De

355 2407 604 2484 apostatasset
626 2403 696 2469 haec
716 2405 912 2494 privilegia,
936 2405 1092 2492 inquam,
1114 2427 1176 2470 nec
1196 2404 1297 2468 etiam
1317 2411 1474 2468 revocata

355 2519 485 2584 luerea
510 2519 570 2582 Pio
595 2519 652 2601 IV,
675 2519 768 2584 bulla
794 2521 832 2584 In
849 2520 1032 2605 principis,
1056 2517 1096 2585 l3
1124 2518 1192 2582 kal.
1220 2517 1332 2582 martii
1357 2517 1472 2584 15652.

354 2634 462 2722 Atqui
481 2633 699 2722 privilegium
719 2633 902 2720 recipiendi
927 2633 1062 2698 ordines
1085 2641 1181 2696 extra
1207 2641 1357 2717 tempora
1379 2655 1478 2695 revo-

355 2757 467 2814 catum
492 2773 560 2814 non
587 2750 650 2813 fuit
678 2749 712 2812 in
739 2748 875 2813 decreto
900 2747 1038 2836 speciali
1066 2747 1205 2834 (nempe
1232 2769 1305 2835 cap.
1335 2745 1476 2810 Ordina-

355 2864 477 2938 tiones,
504 2863 540 2942 8,
568 2885 653 2927 sess.
676 2861 805 2942 XXIII,
829 2863 879 2926 Du
900 2861 1004 2948 nnn),
1028 2861 1119 2949 quod
1139 2860 1280 2924 innovat
1303 2859 1413 2946 legem
1433 2859 1473 2923 de

355 2976 531 3042 servandis
559 2975 770 3064 temporibus
800 2975 1067 3053 ordinationum3
1091 2975 1153 3038 hoc
1181 2973 1271 3038 enim
1302 2973 1471 3037 decretum

355 3115 423 3156 non
443 3097 608 3155 memorat
623 3091 804 3176 prinithia
824 3089 1004 3170 contraria,
1026 3097 1060 3154 et
1074 3087 1215 3176 proinde
1235 3109 1274 3152 ea
1294 3109 1362 3150 non
1382 3109 1475 3150 revo-

355 3213 424 3284 cat;
447 3227 508 3269 nec
523 3204 626 3269 etiam
640 3212 837 3270 revocatum
854 3203 917 3269 suit
932 3204 966 3267 in
981 3203 1142 3291 praedicto
1157 3225 1230 3290 cap.
1249 3202 1330 3266 Haec
1350 3201 1472 3282 omnia,

355 3343 438 3384 sess.
479 3319 584 3400 XXV,
627 3321 676 3383 Dn
715 3339 947 3397 neouinnmr's3
986 3340 1066 3382 nam
1104 3317 1138 3381 in
1175 3316 1238 3381 hac
1275 3323 1346 3381 tota
1380 3321 1471 3403 parte

355 3455 438 3498 sese.
462 3433 567 3512 XXV,
593 3433 726 3498 nullum
751 3433 935 3519 vestigium
954 3431 1120 3519 reperitur
1143 3431 1231 3518 Iegis
1255 3430 1295 3496 de
1316 3429 1471 3516 tempori-

356 3549 418 3613 bus
438 3549 689 3613 ordinationum
710 3549 902 3626 servandis3
921 3569 1001 3635 ergo
1017 3571 1078 3612 nec
1099 3571 1118 3612 a
1138 3547 1199 3612 Pio
1219 3545 1265 3611 IV
1280 3552 1473 3610 revocatum

356 3663 435 3744 luit,
466 3669 500 3726 et
521 3662 663 3750 proinde
689 3661 798 3727 adhuc
827 3661 926 3726 hodie
952 3669 1081 3740 manet;
1113 3699 1156 3710 -
1182 3661 1215 3726 2.
1248 3657 1471 3746 Congregatio

355 3776 527 3864 specialis,
554 3801 572 3841 a
604 3777 786 3842 Benedicto
816 3775 896 3840 XIII
932 3775 1109 3862 deputata,
1142 3773 1310 3861 expressis
1343 3769 1499 3842 verbis,-

353 3891 407 3956 die
430 3891 470 3956 Iti
490 3890 570 3954 maii
591 3891 689 3970 1725,
711 3891 882 3956 decrevit:
905 3917 921 3950 «
949 3889 1169 3976 Privilegiaa
1196 3887 1339 3952 summis
1361 3884 1474 3972 ponti-

353 4005 472 4070 licibus
492 4012 562 4069 tam
582 4013 658 4068 ante
677 4027 780 4092 quam
804 4011 881 4093 post
905 4003 1011 4082 Trid.,
1034 4003 1105 4067 sive
1125 4023 1301 4089 expresse,
1324 4001 1396 4064 sive
1419 3997 1475 4061 via

385 4168 392 4200 ¹
412 4167 477 4224 Quae
493 4167 629 4216 revocatio
643 4165 710 4214 fines
726 4181 778 4214 non
794 4166 932 4228 egreditur
946 4165 1073 4213 sessionis
1089 4162 1173 4220 XXV,
1190 4161 1231 4210 De
1252 4175 1442 4208 nsouramnrs.

383 4247 394 4281 ²
411 4247 453 4295 Ad
468 4246 568 4294 calcem
585 4260 661 4294 conc.
674 4245 747 4292 Trid.
1161 4241 1165 4249 ‘
