3316 5052
296 461 340 512 DE
359 459 479 512 DEBITA
498 459 718 512 SUCCESSIONE
737 460 1013 514 REClPIENDORUM
1032 462 1187 514 ORDINUM
1249 459 1306 514 289

221 604 395 670 Posterior
419 603 544 691 opinio.
569 603 740 670 -Juxta
766 603 868 687 alica,
898 604 1056 670 illicitum
1081 613 1130 671 est
1157 605 1305 693 recipere

176 719 293 785 eadem
321 719 373 783 die
401 719 684 784 subdiaconatum
713 741 792 784 cum
823 719 1000 784 ordinibus
1029 719 1230 786 minoribus.
1261 759 1303 773 -

176 833 274 900 Sicut
291 833 381 898 enim
397 838 493 897 extat
507 831 563 898 lex
577 855 653 922 quae
667 831 824 920 prohibet
838 854 880 898 ne
896 832 1015 920 eodem
1030 832 1085 898 die
1099 833 1308 922 recipiantur

177 948 244 1014 duo
270 945 407 1012 ordines
433 945 536 1028 sacri,
565 946 613 1011 sic
639 947 743 1012 etiam
769 953 863 1012 extat
890 946 946 1012 lex
974 970 1049 1036 quae
1076 946 1234 1035 prohibet
1261 971 1307 1014 ne

177 1061 298 1128 eodem
321 1060 376 1125 die
400 1060 582 1148 recipiatur
605 1059 870 1127 subdiaconatus
894 1083 972 1127 cum
995 1061 1194 1128 minoribus.
1221 1061 1306 1142 Quae

177 1175 235 1242 lex
259 1175 453 1240 continetur
476 1197 551 1263 cap.
578 1174 666 1240 Cum
685 1175 733 1240 H.
757 1176 857 1260 tator,
879 1175 916 1256 2,
944 1175 996 1241 Du
1020 1195 1062 1243 no
1088 1195 1142 1251 Qul
1167 1197 1304 1242 runrrvr

179 1309 321 1358 oanrnnu
341 1309 497 1371 suscnnr,
514 1289 550 1353 in
570 1311 637 1377 quo
656 1288 828 1377 legimus:
851 1315 867 1350 a
885 1288 972 1355 Cum
992 1290 1036 1356 H.
1053 1289 1142 1355 lator
1159 1313 1306 1379 proesen-

180 1403 282 1485 tium,
367 1403 411 1468 ad
430 1411 541 1486 tuam,
563 1401 787 1468 ordinationis
811 1426 929 1486 causa,
951 1403 1167 1492 praesentiam
1191 1427 1305 1470 acces-

181 1517 300 1600 sisset,
325 1517 425 1605 juxta
454 1517 735 1583 consuetudinem
760 1518 879 1605 patriae
907 1517 972 1583 sibi
1001 1525 1147 1606 quatuor
1171 1519 1306 1584 ordines

181 1631 329 1697 minores
353 1631 545 1712 contulisti;
572 1631 699 1718 quibus
723 1654 790 1696 non
813 1639 1003 1716 contentus,
1025 1633 1308 1700 subdiaconatum

182 1745 361 1811 temerario
390 1767 474 1811 ausu
502 1745 637 1832 recepit.
667 1743 758 1822 Quia
782 1768 862 1811 vero
888 1746 980 1811 idem
1008 1745 1150 1812 clericus
1180 1749 1215 1812 in
1246 1748 1308 1814 hoc

181 1864 274 1946 sarto
294 1860 445 1925 muttum
463 1860 618 1944 excessit,
641 1860 843 1925 mandamus
861 1868 1029 1947 quatenus
1048 1884 1126 1927 eum
1147 1862 1181 1926 in
1202 1862 1310 1927 mino-

184 1975 280 2040 ribus
304 1975 473 2040 duntaeat
501 1974 681 2048 ordinibus
708 1975 878 2039 celebrare
903 1975 1135 2060 permittas...
1159 2003 1176 2038 »
1203 1976 1309 2041 Porro

182 2098 236 2162 hic
257 2097 456 2162 temerarius
470 2119 573 2162 ausus
592 2096 627 2160 in
642 2095 774 2161 duobus
793 2096 964 2179 constitit,
980 2097 1090 2186 primo
1109 2097 1144 2162 in
1164 2121 1204 2164 eo
1219 2098 1311 2188 quod

183 2211 327 2278 clericus
345 2211 402 2276 ille
426 2211 554 2300 recepit
572 2209 855 2276 subdiaconatum
878 2210 985 2276 inscio
1009 2211 1168 2300 episcopo
1188 2220 1223 2280 et
1242 2213 1309 2278 iur-

182 2325 270 2408 tive,
292 2325 441 2391 secundo
461 2330 496 2390 et
513 2325 733 2411 potissimum
753 2325 788 2389 in
807 2347 844 2390 eo
864 2327 957 2412 quod
980 2327 1095 2390 eodem
1114 2326 1167 2390 die
1188 2327 1312 2412 recepit

184 2428 319 2505 ordines
347 2439 493 2504 minores
523 2445 555 2502 et
579 2439 862 2504 subdiaconatum
869 2457 884 2522 ,·
909 2437 1001 2528 quod
1028 2445 1062 2503 et
1088 2439 1315 2527 sequentibus

183 2553 394 2641 argumentis
420 2551 698 2618 demonstratur:
727 2555 758 2620 1.
784 2552 831 2620 Ut
857 2559 992 2618 constat
1018 2575 1061 2618 ex
1084 2575 1186 2642 supra
1212 2553 1314 2618 dictis

185 2667 238 2756 (n.
262 2667 361 2754 102,
383 2667 495 2754 107),
517 2667 573 2732 lex
597 2667 738 2755 antiqua
762 2675 833 2733 erat
851 2673 890 2732 ut
913 2689 982 2732 non
1006 2667 1072 2732 nisi
1095 2690 1185 2734 unus
1209 2667 1311 2750 ordo,

185 2781 256 2847 sive
275 2781 398 2862 minor,
420 2781 493 2846 sive
517 2781 636 2870 major,
658 2781 765 2846 semel
787 2781 1004 2869 reciperetur,
1026 2787 1060 2846 et
1078 2781 1227 2847 ‘clericus
1250 2803 1315 2869 per

185 2895 448 2961 determinatum
471 2901 608 2982 tempus
626 2901 821 2961 versaretur
841 2895 877 2960 in
897 2895 1013 2960 ordine
1037 2902 1192 2984 recepto,
1213 2903 1313 2962 ante-

185 3031 288 3097 quam
311 3008 354 3074 ad
378 3008 586 3098 superiorem
611 3009 828 3090 ascenderet;
854 3009 998 3074 invaluit
1022 3009 1159 3097 quidem
1187 3008 1312 3075 alicubi

185 3123 233 3212 (v.
251 3145 300 3210 g.,
322 3123 358 3188 in
376 3122 486 3211 patria
506 3122 620 3188 clerici
640 3121 682 3188 de
701 3144 768 3210 qua
787 3122 858 3210 agit
876 3123 1076 3210 praedictum
1095 3122 1210 3214 caput)
1231 3145 1311 3189 con-

184 3238 343 3322 suetudo,
371 3243 411 3304 ut
438 3237 588 3302 minores
616 3236 753 3302 ordines
778 3236 813 3301 in
839 3237 959 3301 eodem
985 3236 1039 3302 die
1065 3237 1308 3326 reciperentur,

185 3351 247 3417 sed
259 3351 317 3416 lex
335 3350 499 3417 remansit
518 3351 646 3416 intacta
660 3373 721 3440 pro
737 3349 913 3416 ordinibus
933 3351 1050 3432 sacris,
1068 3357 1102 3416 et
1115 3375 1177 3440 pro
1193 3351 1311 3418 ordine

185 3465 308 3530 minori
330 3487 408 3530 curn
432 3463 550 3530 ordine
574 3486 681 3530 sacro.
703 3463 802 3532 Unde
821 3465 997 3529 temerarie
1021 3464 1091 3552 egit
1110 3464 1221 3532 dietus
1240 3466 1310 3532 cle-

183 3580 286 3661 ricus,
303 3577 496 3667 recipiendo
512 3577 631 3644 eodem
646 3577 701 3644 die
716 3577 998 3644 subdiaconatum
1012 3601 1091 3644 cum
1105 3578 1306 3645 minoribus.

183 3733 228 3744 -
253 3693 286 3760 2.
309 3693 353 3759 Et
376 3693 424 3760 ita
450 3699 553 3782 caput
578 3691 664 3758 illud
689 3692 955 3782 interpretantur
980 3716 1098 3759 omnes
1123 3694 1307 3760 canonistoe

183 3816 262 3875 ante
282 3807 463 3874 concilium
481 3807 588 3892 Trid,
610 3807 684 3896 qui,
705 3813 824 3897 utpote
847 3806 951 3896 probe
974 3807 1101 3873 conscii
1120 3792 1329 3896 disciplinae'

183 3923 354 3989 canonicae
384 3945 445 3988 suo
476 3929 629 4012 tempore
658 3921 823 4010 vigentis,
856 3921 1038 3987 maximam
1069 3921 1306 3988 auctoritatem

180 4132 281 4168 esurus
299 4116 325 4166 S.
343 4117 372 4166 C.
387 4117 426 4174 G„
442 4118 463 4166 t.
478 4131 515 4176 lv,
529 4130 557 4180 p.
572 4119 618 4165 162
633 4129 674 4178 sq.
690 4141 719 4153 -
735 4115 801 4175 Hie,
820 4129 848 4165 n.
863 4119 891 4174 8,
911 4113 1091 4174 secretarius,
1112 4129 1210 4179 nempe
1230 4115 1307 4164 Lem·

183 4197 329 4256 ber-tinius,
351 4195 452 4259 allegat
474 4209 525 4258 pro
547 4193 599 4244 hac
621 4193 749 4258 opinione
770 4193 906 4258 Vosquea,
931 4192 1120 4258 Castrcpatao,
1143 4192 1306 4252 Fermosini,

182 4275 283 4335 Diana,
300 4273 426 4332 herois,
441 4275 494 4323 etc.

276 4386 361 4423 sacas
374 4385 494 4421 caninam
1150 4367 1181 4420 19
