3316 5052
325 472 379 524 270
592 475 635 524 DE
654 475 791 526 LEGIBUS
812 475 926 526 SACRAE
943 477 1180 530 ouolunrlorus

323 619 453 704 produc
469 619 641 682 minorum
655 617 816 684 ordinum
834 645 864 698 »,
881 641 1003 706 nempe
1021 620 1253 707 acolythatus3
1270 663 1314 672 —
1328 625 1361 689 2.
1380 625 1447 689 Pro

326 735 506 816 lectoratu,
535 731 618 797 satis
647 731 749 796 etiam
775 738 869 820 patet
894 731 1014 798 iisdem
1041 733 1186 802 decretis
1212 737 1443 804 Romanorum

325 847 544 928 Pontificum,
566 852 615 926 et,
638 845 666 910 si
686 845 767 933 quid
787 845 876 911 desit
895 869 937 911 ex
961 853 1057 934 parte
1080 848 1166 935 legis
1190 851 1340 940 scriptae,
1363 876 1445 940 sup-

323 963 435 1051 pletur
460 959 673 1025 abundanter
698 983 758 1048 per
779 959 1078 1044 consuetudinem,
1104 965 1283 1030 utstatim
1307 966 1442 1032 dicitur.

367 1077 401 1144 3⁰
432 1073 553 1154 Quoad
582 1075 796 1138 ostiarietum
827 1081 861 1139 et
891 1075 1148 1160 rcorcictntum,
1181 1079 1275 1144 nulla
1305 1079 1359 1144 lex
1392 1089 1445 1146 est

321 1189 489 1278 poneretis
511 1190 654 1274 scripte,
676 1211 751 1276 quae
770 1187 890 1276 jubeat
914 1189 976 1253 bos
1000 1189 1136 1256 ordines
1160 1194 1322 1280 praemitti
1345 1219 1443 1284 supe-

323 1303 467 1369 rioribus
495 1321 502 1368 :
528 1301 619 1390 qnod
645 1307 738 1390 potet
764 1301 892 1390 legenti
916 1309 1032 1368 textus
1056 1328 1156 1393 supra
1181 1307 1318 1373 relatos.
1345 1309 1444 1374 Unde

321 1419 403 1484 dicit
422 1417 553 1482 Hallier
572 1439 640 1481 non
660 1423 815 1482 constare
835 1423 949 1480 utrum
974 1419 1121 1484 minores
1137 1419 1272 1486 ordines
1291 1423 1451 1511 superio-¹

321 1533 414 1598 ribus
438 1529 613 1596 ordinibus
637 1553 771 1617 semper
794 1531 1034 1618 praesuppositi
1058 1533 1139 1596 olim
1163 1533 1330 1614 fuerint¹3
1352 1538 1443 1624 quod

321 1669 439 1711 verum
459 1651 512 1708 est
531 1643 719 1731 procsertim
738 1643 779 1706 de
799 1641 932 1708 duobus
951 1643 1082 1710 relatis.
1100 1683 1143 1696 -
1158 1647 1285 1712 Verum
1301 1671 1342 1712 ex
1362 1671 1442 1713 con-

321 1759 501 1826 suetudine
528 1781 604 1846 queo
627 1755 782 1846 pluribus
801 1756 873 1844 jam
897 1757 1032 1822 saeculis
1057 1767 1136 1824 ente
1163 1761 1346 1826 concilium
1372 1763 1443 1828 Tri-

321 1874 498 1938 dentinum
529 1871 563 1936 in
595 1878 667 1936 tota
698 1871 851 1936 Ecclesia
881 1871 1083 1936 occidentali
1112 1873 1324 1956 invaluerat,
1351 1899 1442 1941 rece—

319 1995 417 2074 ptum
437 1985 576 2050 omuino
596 1991 668 2050 erut
686 1991 725 2050 ut
744 1984 872 2072 singuli
891 1991 1037 2073 quatuor
1061 1987 1197 2052 ordines
1222 1989 1384 2072 minores,
1407 1991 1441 2054 in

320 2099 436 2164 ordine
457 2122 523 2187 quo
544 2121 634 2162 nunc
654 2105 745 2180 sunt,
764 2121 898 2188 semper
916 2101 1215 2188 praemitterentur,
1232 2103 1327 2168 nullo
1347 2125 1442 2168 exee-

321 2221 395 2302 pto,
417 2212 523 2277 sacris
542 2209 734 2292 ordinibus,
751 2212 798 2277 ite
818 2220 857 2276 ut
866 2223 1047 2298 promotus
1057 2238 1122 2300 por
1133 2215 1260 2281 cottum
1275 2216 1443 2282 diceretur

319 2328 423 2393 etium
442 2326 499 2391 ille
520 2326 578 2414 qui
598 2325 845 2412 acolythatum,
868 2327 994 2391 omisso
1015 2329 1237 2410 exorcistntu,
1259 2331 1314 2394 vel
1334 2329 1442 2396 lecto-

319 2449 447 2522 ratum,
469 2440 595 2504 omisso
615 2439 808 2520 ostiariutu,
830 2439 1005 2528 reciperet.
1030 2439 1139 2519 Quam
1160 2444 1441 2509 consuetudinem

225 2637 229 2648 ¹
318 2562 487 2621 testantur
515 2561 647 2618 veteres
676 2554 875 2633 canonistae,
905 2554 963 2642 qui
991 2556 1111 2637 etiam,
1140 2556 1317 2623 deficiente
1345 2565 1441 2624 textu

318 2670 496 2750 canonico,
525 2667 675 2754 allegent
694 2667 753 2754 jus
779 2669 988 2750 Romanum,
1016 2670 1054 2735 L.
1086 2671 1131 2734 Ut
1155 2673 1345 2757 productim,
1381 2675 1438 2752 tt,

318 2786 353 2850 ΙΙ.
382 2785 431 2848 De
458 2781 657 2847 muneribus
684 2789 716 2844 ct
748 2781 935 2846 honoribus
957 2781 1018 2871 (L,
1046 2785 1129 2870 rv):
1161 2811 1177 2844 α
1199 2785 1244 2851 Ut
1266 2787 1439 2870 productim

318 2899 463 2963 honores
483 2896 689 2974 deierantur,
712 2895 838 2975 edicto,
861 2903 895 2960 et
913 2903 952 2961 ut
970 2919 990 2960 o
1011 2897 1201 2962 minoribus
1224 2901 1269 2964 ed
1293 2901 1439 2986 majores

313 3011 544 3096 pervenietur,
567 3007 711 3096 epistola
730 3007 801 3072 divi
825 3009 878 3072 Pii
902 3009 945 3073 ad
968 3009 1141 3076 Titianum
1165 3011 1365 3100 exprimitur
1374 3017 1395 3076 ².
1421 3041 1435 3073 o

316 3125 413 3214 Unde
433 3121 580 3188 dubitari
599 3122 718 3210 nequit
737 3122 777 3186 de
798 3123 1000 3188 necessitate
1025 3125 1252 3212 promittendi
1272 3127 1334 3191 hos
1354 3127 1438 3192 duos

317 3238 452 3302 ordines
472 3233 700 3323 superioribus
725 3234 899 3300 ordinibus
909 3239 931 3302 ³.
953 3276 997 3285 —
1021 3237 1132 3317 Quam
1156 3237 1373 3328 disciplinam
1397 3239 1438 3305 de

315 3350 562 3439 promittendis
582 3347 740 3413 omnibus
759 3357 793 3413 et
808 3349 952 3436 singulis
968 3350 1143 3416 ordinibus
1158 3352 1345 3419 minoribus
1360 3361 1437 3420 ente

316 3463 451 3528 ordines
496 3485 609 3526 sacros
653 3462 834 3526 concilium
878 3463 989 3545 Trio,
1035 3487 1107 3552 cap.
1154 3465 1326 3551 Minores,
1373 3467 1434 3548 tt,

315 3601 399 3644 sess.
422 3575 551 3656 XXlIl,
576 3575 625 3640 Du
649 3597 735 3655 nur,
756 3599 825 3640 non
850 3576 980 3657 condit,
1009 3580 1069 3643 sed
1094 3579 1256 3668 supponit
1280 3581 1334 3646 his
1359 3605 1436 3646 ver-

314 3692 392 3759 bis:
416 3718 432 3752 «
454 3692 568 3778 Atque
589 3691 634 3754 ito
654 3691 694 3754 de
712 3692 823 3774 produ
845 3693 879 3754 in
897 3693 1047 3776 predum
1065 3693 1261 3778 escendunt,
1284 3703 1348 3760 etc.
1374 3725 1390 3756 »

346 3894 354 3926 ¹
373 3893 432 3941 Loc.
448 3890 504 3949 cit„
520 3894 707 3951 urt.2,n.19,
724 3893 775 3940 cot.
790 3897 917 3952 oso-6873
936 3919 962 3928 -
981 3893 1015 3941 ct.
1032 3894 1114 3942 ctiam
1129 3895 1280 3956 Morinum,
1296 3899 1366 3960 pur-t.
1382 3897 1434 3948 111.

314 3971 424 4022 exercit.
439 3985 479 4030 xi,
492 3985 516 4018 e.
533 3985 563 4026 u,
580 3985 607 4031 p.
621 3974 745 4018 155-158.

344 4051 355 4085 ²
371 4049 410 4098 Cf.
423 4049 495 4098 card.
508 4047 694 4106 Hosticnsem,
711 4049 738 4094 in
752 4047 873 4105 Summo,
890 4048 937 4096 lib.
950 4047 973 4108 1,
992 4049 1018 4096 in
1034 4051 1076 4098 tit.
1088 4049 1126 4099 De
1142 4053 1221 4114 temp.
1235 4051 1336 4110 ordin„
1353 4067 1379 4101 n.
1390 4059 1433 4113 32,

313 4128 448 4186 Veneriis,
465 4125 600 4184 1570,s01.
617 4129 656 4173 51.

344 4209 354 4239 ³
371 4207 410 4254 (ΙΙ.
431 4205 511 4253 etium
529 4203 586 4251 Van
602 4203 704 4265 Espcn,
723 4203 773 4252 Jus
789 4203 853 4252 ccct.
871 4204 954 4264 unio„
973 4209 1042 4269 port.
1060 4206 1096 4266 11,
1118 4211 1138 4258 t.
1158 4223 1195 4266 rx,
1216 4223 1239 4258 o.
1260 4225 1285 4270 v,
1304 4225 1330 4257 n.
1350 4215 1362 4258 7
1381 4225 1431 4273 sq,

312 4285 431 4334 Colonim
445 4283 614 4346 Agrippino,
632 4287 705 4340 1702,
722 4297 747 4344 p.
762 4286 816 4330 oet.
