3270 5050
595 1190 809 1272 CAPUT
845 1190 863 1271 Ι

267 1593 400 1648 SUMMA
429 1592 631 1648 DOCTRINAE
660 1594 886 1649 CATHOLICAE
916 1594 963 1647 DE
991 1591 1196 1647 ORDINIBUS

568 1724 613 1778 ET
640 1725 900 1780 ORDINATIONE

405 2193 424 2266 ξ
444 2194 478 2250 1.
499 2195 552 2251 De
572 2194 781 2252 sacerdotio
800 2200 836 2252 et
856 2195 1066 2253 diaconatu.

219 2399 259 2466 1.
280 2436 324 2446 -
345 2396 616 2464 Sacerdotium
635 2417 748 2466 novae
767 2397 880 2486 legis.

220 2513 253 2575 1⁰
272 2511 417 2594 Existit,
440 2511 474 2574 in
498 2509 593 2575 Nouo
618 2511 845 2595 Testamento‚
866 2513 1092 2576 sacerdotium
1117 2511 1245 2576 visibile
1269 2519 1300 2574 et

173 2633 371 2707 externum,
396 2647 453 2688 seu
477 2631 628 2709 potestas
653 2626 870 2689 consecrandi
894 2647 1016 2710 corpus
1043 2633 1076 2690 et
1100 2626 1301 2710 sanquinem

174 2738 330 2820 Domini,
362 2759 489 2801 necnon
514 2745 652 2822 peccata
685 2738 895 2821 dimittendi,
927 2739 1020 2824 quod
1049 2760 1115 2802 non
1144 2739 1302 2802 omnibus

174 2851 351 2936 competit,
372 2850 431 2914 sed
448 2850 528 2915 solis
549 2851 611 2914 rite
627 2851 805 2916 ordinatis.
827 2889 870 2900 -
891 2849 1055 2916 Constat:

221 2987 252 3027 a.
263 2964 412 3048 ipsamet
421 2963 632 3028 institutione
642 2963 1035 3052 Christi—Postquam
1046 2964 1136 3028 enim
1146 2962 1302 3028 Christus

177 3077 359 3157 DominuS‚
373 3076 409 3140 in
423 3075 544 3141 ultima
560 3099 672 3156 cenna,
690 3077 892 3141 sacrificium
908 3085 942 3142 et
962 3084 1213 3142 sacramentum
1229 3099 1302 3140 eor-

175 3190 269 3280 poris
296 3197 330 3254 et
356 3189 533 3275 sanguinis
557 3189 609 3254 sui
633 3189 799 3271 instituit,
829 3190 982 3256 addidit:
1006 3217 1021 3250 α
1045 3190 1120 3254 Hoc
1142 3191 1245 3275 facite
1269 3189 1303 3254 in

177 3325 290 3368 meam
310 3302 688 3382 commemorationem
713 3331 729 3362 »
750 3303 796 3367 ita
821 3303 918 3385 Luc,
940 3323 1028 3386 xxu,
1052 3302 1104 3369 19.
1132 3302 1182 3367 Ita
1202 3303 1304 3368 etiam

176 3415 281 3481 latius
297 3415 442 3496 Paulus,
461 3415 474 3479 I
490 3415 586 3496 Con,
603 3435 655 3496 xi,
673 3415 807 3481 24-26:
828 3443 843 3476 α
866 3416 940 3480 Hoc
959 3422 1012 3480 est
1030 3438 1153 3503 corpus
1172 3439 1302 3496 meum,

177 3527 270 3617 quod
290 3551 351 3616 pro
374 3527 473 3594 vobis
495 3527 661 3609 tradetur,
685 3529 746 3593 hoc
765 3529 867 3615 [acite
882 3529 917 3592 in
932 3551 1042 3593 meam
1061 3551 1305 3593 commemora-

178 3643 320 3706 tionem.
347 3640 511 3706 Similiter
534 3648 569 3706 et
592 3641 749 3722 calicem,
771 3649 954 3730 postquam
977 3643 1142 3724 coenavit,
1163 3641 1303 3706 dicens:

180 3755 245 3820 Hic
265 3753 356 3818 calix
379 3755 517 3819 Novum
536 3755 794 3820 Testamentum
813 3762 866 3820 est
889 3755 924 3820 in
944 3777 1020 3819 meo
1040 3755 1220 3842 sanguine,
1245 3756 1306 3818 lios·

178 3867 294 3954 facite,
313 3869 594 3955 quotiescumque
609 3867 744 3950 bibetis,
759 3869 794 3932 in
810 3890 920 3932 meam
936 3867 1303 3933 commemorationem.

181 3980 465 4068 Quotiescumque
486 3982 575 4045 enim
595 3983 843 4046 manducabitis
858 4005 983 4066 panem
1007 3981 1098 4046 hanc
1121 3990 1153 4045 et
1171 3981 1307 4045 caiicem

181 4095 320 4177 bibetis,
339 4103 484 4159 mortem
503 4094 641 4158 Domini
659 4095 906 4160 annuntiabitis
925 4095 1028 4158 donec
1043 4095 1164 4158 veniat.
1185 4122 1200 4154 υ
1219 4095 1307 4180 Ergo

181 4207 342 4274 Christus
362 4208 468 4295 jussit
485 4208 659 4296 apostolos
684 4208 793 4273 iacere
813 4209 905 4296 quod
929 4209 1000 4296 ipse
1021 4209 1162 4289 fecerat,
1185 4207 1308 4296 quibus

181 4322 324 4409 proinde
345 4321 440 4387 dedii
456 4328 661 4410 potestatem
676 4322 895 4388 consecrandi
914 4345 1036 4410 corpus
1056 4329 1090 4388 et
1109 4322 1309 4408 sanguinem
