3248 5052
647 495 848 548 DOCUllENTh
1257 493 1307 547 645

185 647 276 701 aucta
291 640 417 720 quidem
433 647 479 699 est
495 647 603 720 postea
622 639 658 699 iis
674 638 792 713 verbis,
809 637 851 698 ad
869 635 1014 719 officium
1033 643 1062 696 et
1081 657 1158 718 opus
1173 636 1310 721 preshy-

187 735 247 798 teri
254 755 266 812 ,·
283 737 339 808 ,sed
360 737 418 796 hoc
438 737 542 816 potius
556 735 714 795 convincit
729 734 917 813 Anglicanos
936 733 1051 792 vidisse
1070 734 1154 813 ipsos
1176 734 1308 814 primam

185 853 252 893 eam
278 832 409 892 sormam
437 833 530 891 luisse
555 852 695 891 mancam
722 851 821 912 neque
845 830 989 890 idoneam
1014 830 1068 890 rei.
1093 830 1208 890 Eadem
1234 851 1309 890 vero

185 929 335 1010 adjectio,
362 930 386 987 si
413 928 494 988 torte
518 927 642 1008 quidem
670 927 840 1006 legitimam
867 927 1124 1006 significationem
1152 947 1309 1007 apponere

185 1025 294 1084 sormae
314 1033 434 1105 posset,
454 1025 552 1084 serius
572 1032 619 1084 cst
638 1024 780 1098 inducta,
798 1023 903 1104 elapso
921 1023 986 1104 jam
1007 1023 1122 1082 saeculo
1141 1029 1212 1102 post
1227 1043 1310 1083 rece-

186 1129 274 1202 ptum
287 1121 435 1181 Ordinale
449 1120 688 1193 eduardianum;
701 1141 772 1180 cum
785 1127 962 1201 propterea,
973 1119 1146 1178 hierarchia
1159 1119 1308 1189 extincta,

186 1225 325 1296 potestas
345 1217 510 1276 ordinandi
523 1217 589 1296 jam
606 1217 690 1276 nulla
705 1224 797 1276 esset.
811 1215 1030 1296 Nequidquam
1046 1235 1140 1294 porro
1160 1215 1309 1274 auxilium

185 1333 287 1372 causae
307 1314 476 1372 novissime
497 1313 679 1372 arcessitum
700 1319 748 1372 est
768 1313 806 1372 ab
826 1312 895 1371 aliis
914 1311 1054 1392 ejusdem
1070 1310 1228 1370 Ordinalis
1243 1332 1311 1391 pce-

185 1409 284 1470 cibus.
303 1410 392 1480 Nam,
411 1417 446 1468 ut
460 1416 562 1472 cetera
579 1415 804 1488 praetereantur
819 1429 888 1488 quae
903 1429 955 1466 eas
969 1407 1185 1466 demonstrent
1203 1407 1232 1466 in
1249 1408 1311 1466 ritu

186 1505 348 1584 anglicano
369 1505 470 1564 minus
491 1505 682 1564 sufficientes
702 1504 993 1584 proposi10,unum
1014 1502 1073 1562 hoc
1092 1511 1310 1581 argumentum

186 1602 226 1661 sit
240 1601 339 1660 instar
353 1602 509 1674 omnium,
529 1601 567 1660 de
584 1601 657 1680 ipsis
677 1599 821 1660 consulto
837 1599 1012 1659 detractum
1033 1619 1100 1658 esse
1113 1598 1265 1680 quidquid
1280 1599 1311 1657 in

185 1697 247 1758 ritu
263 1697 418 1756 catholico
433 1697 617 1776 dignitatem
634 1705 665 1756 et
679 1696 782 1756 officia
798 1695 962 1755 sacerdotii
979 1695 1141 1776 perspicue
1157 1694 1308 1773 designat.
1363 1679 1366 1688 ’

186 1794 254 1852 Non
276 1814 311 1852 ea
333 1795 426 1872 igitur
447 1794 546 1852 lorum
568 1815 635 1852 esse
655 1799 728 1873 apta
747 1801 778 1852 et
798 1792 955 1851 sufficiens
975 1798 1171 1850 sacramento
1191 1799 1310 1871 potest,

184 1910 254 1970 qum
269 1889 299 1948 id
316 1909 428 1969 nempe
445 1890 554 1948 reticet
570 1889 653 1968 quod
669 1888 799 1947 deberet
811 1888 971 1968 proprium
989 1887 1176 1966 significare.

225 1986 271 2044 De
282 1987 515 2046 consecratione
527 1985 696 2066 episcopali
710 1983 855 2044 similiter
865 1991 921 2044 est.
934 1984 1010 2044 Nam
1023 1983 1182 2042 lormulae:
1194 1983 1312 2064 Accipe

184 2080 341 2162 Spiritum
358 2081 524 2155 Sanctum,
543 2102 605 2140 non
621 2081 715 2140 modo
731 2081 830 2140 serius
845 2080 966 2140 adnexa
981 2087 1054 2139 sunt
1069 2079 1163 2140 verba
1181 2078 1223 2140 ed
1237 2079 1311 2161 ⁰sfi·

184 2177 269 2237 cium
291 2184 320 2237 et
342 2199 420 2258 opus
439 2176 593 2258 episcopi,
615 2177 668 2236 sed
689 2178 782 2236 etiam
803 2177 841 2236 de
861 2177 986 2249 iisdem,
1004 2184 1039 2234 ut
1061 2197 1132 2234 mox
1155 2176 1309 2248 dicemuS,

180 2273 384 2354 judicandum
402 2275 492 2333 aliter
512 2281 559 2332 cst
574 2295 668 2354 quam
684 2273 715 2332 in
732 2274 793 2332 ritu
814 2273 980 2332 catholico.
1000 2273 1107 2353 Neque
1128 2273 1171 2331 rei
1187 2272 1311 2352 proficit

184 2370 354 2450 quidquam
382 2370 550 2429 advocasse
575 2369 768 2450 praelationis
793 2389 917 2448 precem
936 2385 943 2427 ε
972 2367 1176 2449 Omnipotens
1206 2369 1311 2444 Deus,·

183 2485 253 2524 cum
275 2487 309 2524 ea
330 2467 447 2546 pariter
466 2466 626 2525 deminuta
647 2466 685 2524 sit
706 2465 809 2524 verbis
829 2486 898 2545 quae
918 2485 1078 2523 summum
1097 2462 1308 2523 sacerdotium

182 2560 352 2621 declarent.
376 2564 456 2620 Sane
479 2561 554 2620 nihil
578 2561 639 2620 huc
662 2561 773 2620 attinet
796 2561 959 2641 explorare
981 2569 1088 2620 utrum
1111 2561 1309 2640 episcopatus

183 2656 444 2737 complementum
470 2658 509 2716 sit
533 2657 716 2728 sacerdotii,
740 2678 778 2716 an
804 2657 881 2716 ordo
906 2655 945 2716 ab
969 2655 1023 2715 illo
1048 2654 1229 2728 distinctus,
1256 2665 1309 2716 aut

182 2753 329 2821 collatus,
355 2763 389 2812 ut
407 2754 510 2826 aiunt,
531 2753 742 2833 porcellum,
766 2753 886 2812 scilicet
911 2752 1029 2812 homini
1054 2773 1116 2812 non
1141 2753 1307 2828 sacerdoti,

183 2857 288 2909 utrum
304 2851 447 2910 ellectum
469 2850 581 2908 habeat
601 2870 708 2908 necne.
726 2851 769 2908 At
788 2849 853 2929 ipse
874 2849 982 2929 procul
1002 2849 1110 2920 dubi0,
1125 2871 1162 2908 ex
1182 2849 1307 2908 institu-

183 2946 266 3005 tione
282 2945 414 3019 Christi,
432 2945 470 3004 ad
486 2953 716 3005 sacramentum
732 2945 850 3005 ordinis
866 2946 1024 3005 verissime
1046 2947 1194 3026 pertinet,
1214 2929 1308 3026 atque

182 3049 228 3100 cst
244 3042 434 3121 praecellenti
454 3041 552 3120 gradu
573 3041 801 3113 sacerdotium
823 3041 907 3122 quod
928 3042 1074 3101 nimirum
1094 3049 1125 3100 et
1144 3062 1222 3100 voce
1241 3062 1308 3100 san-

181 3146 303 3198 ctorum
321 3137 464 3210 Patrum,
483 3145 513 3196 et
534 3137 639 3197 rituali
660 3143 767 3196 nostra
783 3137 1008 3196 consuetudine
1028 3157 1183 3197 summum
1205 3157 1307 3196 sacer-

181 3235 312 3306 dotium,
328 3235 406 3294 sacri
421 3234 584 3293 ministerii
599 3254 731 3308 summa.
748 3241 956 3313 nuncupatur.
971 3233 1046 3292 lnde
1058 3234 1091 3292 fit
1103 3242 1146 3308 ut,
1158 3234 1305 3313 quoniam

181 3339 408 3391 sacramentum
425 3330 542 3389 ordinis
558 3350 731 3410 verumque
745 3329 861 3388 Christi
875 3329 1083 3389 sacerdotium
1100 3351 1117 3388 a
1134 3331 1195 3388 ritu
1210 3329 1308 3407 angli·

180 3447 258 3486 cano
267 3427 391 3507 penitus
404 3434 564 3486 extrusum
577 3434 634 3498 est,
650 3433 743 3507 atquc
757 3426 835 3485 odeo
847 3426 878 3484 in
891 3427 1125 3486 consecratione
1138 3427 1306 3506 episcopali

180 3523 319 3604 ejusdem
332 3524 409 3582 ritus
421 3523 507 3582 nullo
521 3523 613 3581 modo
627 3523 835 3582 sacerdotium
847 3522 1018 3596 confertur,
1031 3523 1117 3582 nullo
1128 3523 1201 3582 item
1214 3523 1306 3582 modo

180 3620 378 3700 episcopatus
394 3641 467 3678 vere
483 3641 518 3678 ac
531 3619 601 3698 jure
621 3619 720 3698 possit
734 3619 885 3690 conferri3
905 3640 1004 3700 eoque
1024 3619 1054 3678 id
1075 3619 1173 3696 magis
1187 3619 1259 3698 quia
1275 3620 1305 3678 in

181 3716 288 3796 primis
303 3717 502 3795 episcopatus
521 3715 635 3774 muniis
651 3715 727 3773 illud
748 3714 867 3774 scilicet
885 3723 948 3787 est,
965 3715 1124 3774 ministros
1142 3715 1306 3775 ordinandi

181 3811 210 3870 in
226 3819 364 3871 sanctam
381 3811 599 3870 cucharistiam
616 3819 646 3869 et
662 3811 858 3870 sacrificium.

220 3907 267 3966 Ad
285 3917 402 3967 rectam
418 3929 493 3966 vero
509 3909 696 3987 plenamque
713 3906 871 3966 Ordinalis
886 3907 1039 3986 anglicani
1055 3909 1303 3981 aestimationem,

180 4011 294 4084 praeter
316 4004 374 4063 ista
397 4025 453 4084 per
475 4005 595 4084 aliquas
617 4003 685 4083 ejus
707 4009 811 4082 partes
833 4010 957 4074 notata,
979 4003 1055 4062 nihil
1077 4004 1219 4084 prolecto
1241 4011 1304 4062 tam

179 4100 264 4159 valet
283 4121 375 4180 quam
397 4101 421 4158 si
442 4100 541 4179 probe
561 4100 744 4171 aistimctur,
766 4099 880 4179 quihus
900 4099 1056 4179 adjunctis
1076 4121 1179 4165 rerum
1199 4099 1306 4158 condi-

180 4203 245 4255 tum
269 4197 309 4255 sit
332 4205 361 4255 et
384 4196 507 4276 publice
530 4195 748 4255 coustitutum.
772 4196 912 4274 Longum
935 4203 983 4255 cst
1003 4196 1125 4274 singula
1144 4179 1304 4276 persequi,

180 4312 281 4374 neque
295 4301 343 4352 cst
357 4293 581 4366 necessarium
597 4293 664 4372 ejus
678 4313 811 4372 namque
825 4291 925 4352 aetetis
941 4293 1089 4352 memoria
1105 4293 1179 4352 sutis
1191 4293 1306 4352 diserte
