3246 5052
356 350 407 404 520
694 353 737 404 DE
756 354 887 404 RlTlllUS
906 353 1141 404 ORDlNA'l'lONlS

401 497 438 562 E.
465 497 743 584 Jnriaprndenlia
766 497 802 562 S.
831 498 1141 582 Conpreqationnm
1167 499 1420 562 Ilornanarum.
1448 537 1488 544 -

355 611 430 675 Non
459 613 562 676 semel
592 611 841 699 responderunt
867 611 977 676 Sacrae
1005 613 1167 676 Romame
1187 611 1489 698 Congregationes

355 724 604 790 ordinationem
629 727 856 814 episcopalem
887 725 1022 790 abnuo
1054 734 1186 790 tantum
1215 727 1376 813 episcopo
1409 749 1488 812 per-

355 848 477 918 actam,
497 841 599 904 etiam
620 840 713 904 nulla
729 847 915 905 memorata
935 841 1108 928 pontificia
1124 840 1390 928 dispensatione,
1408 863 1486 903 esse

355 954 492 1041 quidem
513 955 684 1029 illicitam,
708 955 767 1018 sed
800 955 957 1018 validam.
980 955 1035 1020 Sic
1062 955 1096 1019 S.
1128 953 1253 1040 Congr.
1283 955 1318 1018 S.
1350 954 1482 1022 Officii.

359 1069 396 1133 13
418 1069 528 1132 martii
551 1068 652 1148 lnttn
675 1068 709 1133 S.
738 1067 862 1153 Congr.
886 1068 926 1132 de
953 1068 1054 1156 Prop.
1068 1068 1166 1148 Fide,
1191 1067 1231 1133 18
1256 1069 1334 1132 maii
1359 1068 1483 1133 16931.

399 1183 437 1247 F.
460 1182 531 1245 Nec
544 1182 649 1260 diona,
668 1205 743 1245 cum
765 1180 954 1246 fautoribus
968 1182 1084 1268 primae
1104 1183 1283 1269 opinionis.
1300 1205 1319 1246 a
1339 1184 1483 1246 canoni—

354 1295 417 1360 bus
446 1295 639 1383 hujusmodi
666 1295 914 1360 ordinationem
942 1297 1086 1360 irritari.
1116 1335 1159 1343 -
1183 1297 1297 1360 Nam:
1329 1295 1357 1358 l.
1384 1295 1478 1359 Licet

353 1410 490 1497 plurimi
521 1433 686 1483 canoneS,
709 1417 745 1474 ut
777 1410 888 1474 visum
916 1417 983 1483 est,
1007 1409 1199 1496 hujusmodi
1229 1409 1480 1474 ordinationem

354 1523 567 1610 prohibeant,
597 1523 792 1610 paucissimi
821 1531 934 1586 tamen
965 1532 1044 1587 sunt
1073 1523 1130 1610 qui
1163 1546 1238 1588 eam
1267 1523 1396 1586 irritam
1417 1547 1481 1586 ex·

353 1660 469 1724 presse
497 1638 685 1707 declarent.
715 1660 836 1724 nempe
865 1637 921 1702 cit.
951 1660 1060 1702 canon
1086 1637 1292 1702 Antiocheni
1323 1637 1477 1704 concilii.

353 1751 411 1838 qui
431 1751 580 1815 declarat
598 1751 846 1815 ordinationem
861 1751 959 1815 aliter
972 1750 1095 1816 laetam
1111 1751 1223 1815 nullas
1239 1753 1323 1814 eires
1340 1751 1477 1816 babere.

353 1853 447 1950 μηδὲν
467 1863 594 1950 teporat,
616 1873 649 1928 et
673 1887 781 1928 canon
806 1865 826 1927 2
846 1887 941 1928 conc.
966 1865 1149 1950 llegensis.
1173 1865 1294 1951 inquo
1319 1865 1445 1951 legitur
1469 1885 1476 1928 :

355 2007 369 2036 a
405 1977 522 2064 ltaque
552 1977 801 2042 ordinationem
830 2001 931 2065 quam
960 2001 1107 2042 canones
1137 1978 1266 2041 irritam
1295 1977 1475 2046 definiunt.

353 2116 414 2156 nos
445 2117 579 2180 quoque
613 2095 838 2158 evacuandam
868 2117 934 2158 esse
968 2113 1164 2162 cernemus:
1192 2123 1205 2154 n
1239 2133 1282 2142 -
1310 2093 1343 2156 2.
1373 2093 1476 2158 Nullo

353 2207 453 2271 modo
487 2217 620 2272 constat
657 2208 795 2295 praelata
827 2207 928 2272 verba
964 2209 1154 2294 signilicare
1188 2209 1321 2294 proprie
1350 2207 1475 2272 dictam

353 2321 545 2385 nullitatem
566 2323 805 2394 ordinationis:
830 2323 896 2386 imo
918 2322 1038 2386 Patres
1058 2323 1232 2409 Regenses
1252 2322 1310 2408 qui
1331 2323 1476 2384 Armen-

352 2435 429 2498 tarii
450 2436 522 2498 sine
548 2435 655 2498 tribus
672 2436 840 2522 episcopis
860 2436 1047 2500 consecrati
1073 2435 1321 2500 ordinationem
1343 2436 1473 2498 irritam

353 2558 386 2612 et
416 2552 639 2612 evacuandam
668 2549 797 2624 dicunt,
828 2551 1031 2636 permittunt
1057 2549 1274 2613 Armentario
1301 2556 1340 2613 ut
1365 2573 1476 2614 saera-

355 2673 502 2726 mentum
520 2665 787 2746 confirmationis
815 2665 982 2727 ministret
1007 2665 1095 2728 etin
1122 2685 1245 2748 genere
1270 2665 1354 2726 vices
1381 2664 1476 2727 ebor-

353 2779 495 2861 episeopi
522 2785 601 2860 apat
628 2779 720 2861 (can.
749 2777 806 2862 3),
829 2785 862 2840 et
889 2777 1020 2840 clericis
1047 2776 1088 2840 ab
1118 2799 1157 2840 eo
1182 2775 1349 2840 ordinatis
1369 2784 1424 2854 ut,
1446 2778 1473 2838 si

354 2891 422 2954 sint
449 2891 625 2976 inculpati,
655 2900 812 2954 maneant
839 2893 871 2954 in
901 2892 971 2954 auis
996 2891 1173 2955 ordinibus
1194 2889 1289 2974 (can.
1312 2891 1364 2976 l);
1388 2891 1476 2977 quod

354 3003 490 3090 signum
514 3004 766 3090 apertissimum
791 3013 842 3068 est
867 3004 1116 3068 ordinationem
1140 3004 1349 3068 Armentarii
1375 3004 1476 3068 luisse

356 3115 505 3180 habitam
534 3125 571 3181 ut
596 3117 754 3181 validam.
784 3119 838 3182 Sic
863 3118 965 3182 ctiam
992 3118 1109 3182 Patres
1134 3118 1191 3181 cit.
1220 3139 1315 3181 conc.
1338 3119 1476 3182 Arausi-

355 3231 430 3295 cani
451 3229 476 3308 l,
500 3255 573 3295 can.
601 3231 655 3307 21,
683 3231 710 3294 si
735 3231 801 3295 duo
826 3231 976 3318 episcopi
1000 3232 1197 3319 episcopum
1223 3233 1367 3294 invitum
1392 3233 1476 3295 ordi-

355 3351 450 3424 nent,
468 3343 591 3431 jubent
610 3345 696 3408 duos
715 3345 892 3433 episcopos
912 3345 1124 3409 ordinatores
1144 3345 1278 3431 deponi,
1297 3353 1330 3410 et
1351 3347 1478 3432 episco-

356 3481 436 3545 pum
456 3459 649 3522 ordinatum
668 3461 727 3523 uni
748 3483 864 3523 eorum
885 3460 919 3522 in
938 3483 998 3524 sua
1019 3460 1098 3524 sede
1119 3459 1292 3524 substitui.

403 3671 497 3738 273.
518 3709 562 3717 —
582 3671 779 3746 Quaeritur
800 3691 810 3738 t
833 3673 874 3739 2⁰
896 3671 1053 3746 Quaenam
1075 3673 1118 3734 sit
1137 3677 1252 3756 forma
1272 3675 1476 3756 episcopatus

357 3785 391 3848 in
411 3785 559 3848 Ecclesia
582 3785 697 3849 latina.

401 3900 525 3984 Hesp:
552 3902 582 3962 l.
618 3900 665 3963 Eo
695 3899 767 3986 ipso
802 3900 893 3986 quod
921 3901 1036 3964 unctio
1066 3900 1187 3986 capitis
1217 3900 1271 3964 vel
1299 3923 1473 3968 manuum.

356 4015 527 4101 impositio
548 4013 602 4078 rel
624 4013 759 4078 traditio
776 4013 854 4078 libri
874 4013 1144 4099 evangeliorum,
1159 4037 1226 4079 non
1243 4023 1323 4078 sunt
1339 4014 1473 4078 materia

388 4168 395 4201 ¹
415 4166 444 4213 ln
461 4167 506 4215 cit.
523 4167 705 4223 Collectanea,
723 4182 748 4214 n.
766 4171 920 4218 1207-1208„
938 4183 963 4228 p.
983 4169 1102 4214 lot-408.
