3300 5056
298 495 342 544 DE
361 493 512 544 LI'I'I'EIIIS
531 489 821 544 DIMISSOIIIALIBUS
841 489 882 538 ET
901 487 1201 540 EXCORPORATIONE
1261 485 1311 538 17³

187 636 330 728 proinde
354 634 489 724 juribus
517 642 552 700 et
579 631 749 699 oneribus.
776 630 895 696 -Ita
922 631 1051 720 passim
1080 631 1225 698 traditur
1253 641 1313 698 aut

188 751 392 840 supponitur
410 751 446 815 in
464 751 609 814 decreto.

234 867 269 930 2⁶
296 865 358 948 Ut,
384 863 476 953 quod
497 863 646 952 pertinet
668 862 712 928 ad
734 862 971 926 auctoritatem
997 867 1032 927 et
1057 864 1312 948 competentiam

189 981 273 1046 novi
300 978 467 1069 episcopi,
494 979 603 1067 possit
636 975 797 1059 clericus,
826 976 928 1041 etiam
962 976 1095 1057 statim,
1121 979 1314 1064 promoveri

190 1094 234 1161 ad
252 1093 405 1176 ordines,
426 1114 496 1158 non
515 1091 710 1180 adimpletis
728 1087 1041 1178 praescriptionibus
1065 1089 1165 1156 bullae
1188 1091 1315 1178 Specu-

191 1209 327 1275 latores.
347 1245 393 1258 —
412 1205 464 1274 lta
477 1205 550 1295 jam
568 1204 687 1286 tiebat,
706 1211 745 1269 ut
764 1204 974 1286 dictumest,
992 1205 1027 1268 in
1042 1203 1154 1270 Gallia
1167 1213 1202 1271 et
1216 1205 1313 1290 alibi,

191 1330 226 1388 et
244 1345 336 1388 nunc
355 1321 429 1386 fieri
447 1318 574 1408 ubique
597 1325 712 1408 potest
735 1341 778 1384 ex
800 1317 941 1406 praelato
966 1317 1118 1401 decreto,
1145 1319 1237 1408 quod
1259 1320 1316 1386 de·

193 1435 320 1517 cernit,
346 1458 382 1500 n.
404 1435 455 1500 l:
484 1459 500 1494 u
529 1433 602 1499 Hac
626 1431 757 1498 ratione
781 1431 971 1519 adscriptos
990 1454 1088 1518 posse
1113 1432 1251 1520 quidem
1273 1435 1318 1499 ad

192 1550 330 1617 ordines
352 1549 558 1635 promoveri.
587 1573 604 1608 »
629 1546 957 1628 -Verumtamen,
985 1546 1076 1634 quod
1102 1546 1249 1634 pertinet
1275 1547 1318 1634 ad

187 1665 429 1752 probationem
448 1663 529 1728 novi
549 1661 678 1742 clerici,
701 1683 778 1726 cum
798 1683 922 1748 magna
945 1661 1126 1748 prudentia
1150 1662 1319 1748 agendum

194 1785 265 1861 est3
288 1777 396 1861 unde,
418 1778 517 1862 ibid,
539 1775 651 1864 pergit
669 1776 866 1840 decretum:
890 1801 905 1834 s
936 1773 1024 1839 Cum
1049 1780 1165 1840 tamen
1192 1776 1320 1841 nemini

194 1894 265 1959 sint
283 1893 351 1959 cito
371 1914 492 1957 manus
510 1890 742 1978 imponendae,
764 1888 865 1954 ollicii
889 1889 943 1953 sui
967 1889 1125 1955 noverint
1149 1912 1224 1956 esse
1248 1890 1320 1977 epi-

194 2007 306 2096 scopi,
328 2007 364 2070 in
384 2005 528 2093 singulis
548 2003 683 2070 casibus
701 2002 926 2093 perpendere,
949 2025 1008 2084 an,
1031 2001 1189 2068 omuibus
1208 2010 1321 2069 atten-

195 2123 259 2204 tis,
288 2120 433 2186 clericus
460 2118 652 2207 adscriptus
678 2117 757 2183 talis
784 2118 845 2200 sit,
874 2116 932 2205 qui
957 2123 1033 2183 tuto
1058 2119 1167 2206 possit
1193 2116 1321 2206 absque

196 2234 353 2301 ulteriori
383 2233 616 2322 experimento
647 2230 812 2314 ordinari,
843 2253 887 2296 an
917 2229 1032 2319 potius
1062 2238 1217 2320 oporteat
1244 2255 1323 2297 eum

198 2349 327 2414 diutius
354 2346 502 2436 probari.
532 2345 575 2412 Et
601 2345 820 2411 meminerint
845 2344 938 2434 quod
964 2345 1054 2411 sicut
1079 2345 1194 2411 nullus
1224 2345 1324 2411 debet

199 2463 349 2528 ordinari
368 2461 426 2551 qui
441 2459 570 2549 judicio
595 2461 648 2527 sui
671 2459 821 2548 episcopi
843 2481 913 2524 non
937 2459 982 2524 sit
1004 2458 1100 2524 utilis
1124 2467 1182 2525 aut
1205 2482 1324 2526 neces-

199 2578 309 2643 sarius
328 2575 399 2642 suis
419 2575 589 2657 ecclesiis,
610 2581 649 2640 ut
668 2573 703 2638 in
727 2597 801 2660 cap.
826 2573 884 2654 16,
906 2596 990 2640 sess.
1013 2572 1143 2656 XXIII,
1166 2574 1217 2638 Dn
1236 2595 1323 2654 nnn,

199 2691 436 2759 Tridentinum
466 2689 600 2771 statuit,
630 2689 677 2754 ita
704 2688 830 2776 pariter
860 2687 995 2752 nullum
1026 2710 1101 2752 esse
1132 2687 1326 2753 adscriben-

201 2807 284 2873 dum
303 2827 433 2871 novum
451 2803 624 2885 clericum,
641 2803 708 2868 nisi
722 2825 783 2890 pro
796 2802 1000 2867 necessitate
1013 2807 1072 2867 aut
1085 2801 1326 2867 commoditate

201 2919 371 2986 dioecesis.
398 2945 414 2980 n

247 3149 316 3218 70.
336 3185 381 3197 -
405 3147 631 3225 onericus:
653 3145 694 3213 1⁰
718 3144 896 3221 Quodnam
910 3146 1154 3230 juramentum
1173 3145 1326 3210 emitten-

203 3265 288 3330 dum
305 3264 351 3328 sit
369 3285 389 3327 a
407 3261 544 3326 subdito
565 3259 821 3326 incardinando.

248 3379 347 3463 Hesp.
368 3396 376 3444 :
397 3376 500 3442 Juxta
520 3374 708 3458 decretum,
730 3397 764 3439 n.
787 3374 824 3456 2,
840 3373 1073 3461 juramentum
1098 3374 1208 3441 emitti
1226 3375 1328 3442 debet

205 3522 221 3556 s
245 3494 289 3560 ad
306 3491 415 3556 instar
433 3489 526 3554 illius
545 3487 636 3577 quod
655 3487 853 3554 constitutio
876 3487 1110 3573 Speculatores
1132 3512 1193 3576 pro
1218 3490 1328 3562 domi-

205 3609 284 3674 cilio
303 3602 509 3694 acquirendo
528 3601 716 3691 praescribit
737 3629 753 3664 n
768 3621 776 3684 3
794 3573 895 3689 julita
913 3609 1027 3666 autem
1051 3600 1180 3667 bullam
1203 3603 1329 3690 Specu-

207 3723 332 3788 latores
358 3717 420 3808 (cs.
449 3740 568 3806 supra,
596 3739 631 3783 n.
661 3715 750 3804 33),
779 3715 838 3804 qui
869 3715 1076 3780 ordinandus
1103 3722 1155 3781 est
1188 3717 1230 3782 ab
1259 3719 1330 3807 epi-

206 3857 311 3924 scopo
343 3832 479 3922 proprio
513 3832 643 3896 ratione
676 3831 853 3915 domicilii,
888 3827 989 3894 debet
1021 3827 1144 3894 habere
1178 3832 1330 3898 animum

206 3955 373 4039 perpetuo
390 3944 612 4034 permanendi
635 3943 671 4008 in
695 3943 831 4008 dioecesi
850 3943 951 4030 hujus
974 3941 1139 4032 episcopi,
1161 3951 1196 4009 et
1216 3944 1330 4033 jurare

209 4091 226 4124 «
249 4086 286 4129 se
308 4083 390 4126 vere
413 4066 449 4125 et
470 4058 607 4125 realiter
631 4057 782 4123 animum
806 4056 1002 4143 hujusmodi
1027 4056 1150 4122 habere
1174 4085 1202 4122 n.
1225 4057 1330 4123 Porro
1374 4041 1377 4046 Ι

209 4199 299 4264 saepe
319 4173 454 4240 eveniet
475 4179 514 4239 ut
536 4171 679 4238 clericus
702 4170 965 4238 incardinandus
987 4192 1057 4236 non
1080 4171 1189 4259 possit
1213 4171 1331 4260 hujus-

211 4289 304 4356 modi
318 4287 552 4377 jurameutum
571 4287 741 4370 emittere,
763 4285 842 4374 quia
860 4285 1011 4350 nondum
1030 4283 1238 4350 domicilium
1257 4286 1332 4351 fixit
