3270 5050
350 467 385 520 34
618 465 662 522 DE
681 466 819 517 LEGIBUS
839 465 953 516 SACllAE
972 463 1208 516 ouumnrtortls

349 611 454 676 etesia
478 610 657 694 antiqua¹‚
692 607 878 673 canonibus
903 607 985 686 6-9,
1013 613 1157 694 quatuor
1184 604 1315 692 praelati
1339 603 1475 668 ordines

349 725 509 789 distincte
535 730 769 803 numerantur,
797 729 832 787 et
859 729 1014 787 accurate
1045 720 1302 806 distinguuntur
1327 741 1347 782 a
1372 717 1475 781 meris

349 839 485 918 officiis,
507 863 540 903 v.
563 861 612 924 g.,
635 838 783 901 cantoria
803 836 895 925 (can.
920 835 1015 924 l0)²,
1038 841 1072 900 et
1090 834 1177 898 ritus
1196 854 1313 897 eorum
1337 831 1475 895 ordina-

351 953 451 1018 tionis
470 951 705 1018 describitur³.
727 989 771 1000 --
791 951 872 1014 Haec
891 949 1001 1014 adhuc
1020 948 1120 1013 hodie
1140 952 1330 1012 servantur.

391 1067 428 1131 2⁰
447 1066 486 1130 ln
507 1064 659 1130 Ecclesia
678 1063 859 1144 Orientali,
876 1085 1038 1127 numerus
1057 1061 1214 1126 ordinum
1233 1059 1402 1122 minorum
1422 1057 1474 1120 vi-

347 1179 562 1246 cissitudines
578 1177 682 1242 subiit
698 1177 779 1262 (non
795 1177 916 1266 loquor
927 1176 969 1240 de
985 1175 1246 1255 subdiaconatu,
1265 1173 1306 1237 de
1322 1195 1388 1260 quo
1400 1172 1473 1258 jam

347 1295 442 1384 dixi).
463 1293 682 1356 -Breviter
700 1311 804 1378 ergo:

392 1407 423 1474 l.
447 1407 547 1472 lnitio
567 1406 661 1471 solus
680 1405 762 1469 ordo
788 1405 952 1470 tectorum
972 1393 1196 1493 (ἀναγνώστης)
1217 1401 1349 1482 existit;
1371 1400 1472 1487 hujus

346 1522 473 1588 mentio
497 1543 565 1585 nou
590 1520 629 1584 sit
652 1518 742 1607 apud
767 1519 886 1584 Patres
911 1518 1132 1606 apostoliooS,
1161 1540 1223 1582 nec
1248 1516 1284 1580 in
1308 1515 1472 1579 Doctrina

344 1637 593 1723 apostolorum,
615 1655 677 1697 nec
697 1633 732 1696 in
750 1655 875 1718 genere
895 1632 1027 1697 duobus
1049 1631 1217 1720 prioribus
1238 1629 1386 1710 saeculis,
1408 1651 1472 1692 nec

345 1750 448 1814 etiam
467 1749 502 1814 in
516 1749 719 1813 Didascalia.
738 1747 843 1834 Apud
861 1747 910 1812 sic
929 1747 1038 1812 dictos
1059 1747 1210 1810 Canonee
1237 1744 1472 1810 ecclesiasticos

343 1872 540 1928 sanctorum
572 1863 820 1946 apostolorum,
852 1861 910 1948 qui
940 1861 1214 1926 retroascendere
1241 1859 1400 1924 dicuntur
1427 1857 1470 1922 ad

344 1977 490 2065 priorem
515 1975 689 2040 dimidiam
714 1975 829 2041 saeculi
851 1997 885 2040 111
909 1983 1058 2062 partem,
1080 1980 1312 2040 memorantur
1333 1973 1471 2036 lectores

375 2155 384 2188 1
403 2154 505 2202 Vocula
526 2153 670 2215 aliquando
687 2154 839 2204 Concilium
855 2154 1071 2218 Carthaginem
1086 2153 1101 2202 Ι
1105 2154 1133 2211 V,
1152 2169 1223 2201 nunc
1243 2155 1334 2201 autem
1349 2165 1471 2200 commu-

344 2234 415 2284 niter
434 2232 536 2281 tributa
556 2231 582 2280 S.
604 2232 721 2281 Caesario
743 2233 897 2282 Arelatensi
917 2234 1013 2297 [mort.
1033 2247 1076 2280 an.
1097 2232 1166 2296 542),
1186 2232 1232 2294 qui
1252 2245 1284 2279 ee
1305 2229 1415 2292 collegit
1436 2245 1469 2277 ex

343 2312 425 2360 variis
440 2311 571 2360 conciliis.

373 2389 461 2438 ¹Non
482 2391 552 2436 enim
572 2389 793 2438 confundendum
812 2393 854 2438 cst
873 2389 991 2454 officium
1010 2404 1072 2437 cum
1087 2387 1184 2438 ordine
1191 2405 1199 2447 ;
1219 2388 1285 2436 ordo
1304 2388 1359 2436 ritu
1378 2387 1469 2449 aliquo

342 2467 534 2518 conterebatur
552 2468 586 2514 ab
606 2469 744 2530 episcopo,
762 2472 790 2516 et
809 2484 842 2516 ex
861 2484 889 2516 se
909 2469 969 2530 ipso
988 2467 1109 2530 ponebat
1128 2467 1245 2530 aliquem
1265 2466 1337 2514 inter
1355 2465 1470 2512 clericos

341 2562 390 2596 seu
404 2547 432 2594 in
447 2547 542 2594 ordine
557 2546 717 2604 clericatur;
732 2546 852 2610 officium
869 2550 959 2596 auteur
978 2547 1035 2594 sola
1051 2546 1173 2609 jussione
1188 2544 1309 2608 episcopi
1325 2547 1372 2592 aut
1387 2543 1469 2592 etiam

341 2626 460 2681 alterius,
477 2640 503 2671 v.
520 2641 554 2684 a,
571 2625 734 2686 presbyteri,
750 2626 884 2673 committi
899 2625 1014 2672 solebat.
1030 2625 1091 2672 Non
1106 2627 1197 2672 tamen
1213 2637 1321 2685 semper
1335 2622 1414 2670 facile
1427 2625 1470 2670 est

341 2699 494 2752 discerncre
514 2707 605 2750 utrum
624 2703 734 2764 aliquod
754 2719 851 2751 munus
870 2703 952 2752 luerit
972 2703 1053 2760 ordo,
1073 2717 1107 2751 an
1128 2705 1236 2750 tantum
1259 2700 1393 2766 officium,⁸
1413 2701 1468 2750 imo

341 2789 487 2853 aliquando
501 2804 585 2836 unum
603 2789 729 2851 idemque
748 2805 846 2837 munus
861 2793 919 2838 erat
939 2791 1006 2848 ordo
1020 2789 1071 2848 ibi,
1088 2789 1207 2837 officium
1224 2789 1306 2848 olibi,
1322 2789 1361 2837 sic
1375 2789 1469 2837 canto-

342 2870 419 2918 ratus
434 2869 460 2915 iu
476 2867 596 2916 Ecclesia
612 2867 706 2915 Latina
721 2871 779 2916 crat
793 2867 924 2931 officium,
941 2869 968 2916 iu
986 2868 1111 2930 pluribus
1126 2871 1217 2916 autem
1229 2868 1357 2916 Ecclesiae
1372 2867 1469 2916 Orien-

341 2947 403 2995 talis
421 2945 545 3008 partibus
565 2950 623 2993 crat
642 2945 717 2993 ordo.
734 2973 763 2982 -
784 2945 877 3002 Quoad
897 2961 995 2994 munus
1014 2945 1192 3008 defensorum
1211 2945 1401 3004 ecclesiarum,
1422 2945 1468 3008 qui

341 3025 422 3073 toties
442 3027 627 3072 memorantur
645 3024 671 3070 in
687 3025 805 3086 antiquis
820 3025 992 3072 documentis
1011 3029 1075 3088 post
1098 3027 1232 3074 redditam
1253 3039 1269 3074 a
1288 3025 1468 3074 Constantino

340 3117 435 3166 pacem
454 3101 594 3158 Ecclesiae,
616 3102 785 3164 probabilius
805 3107 846 3152 est
870 3105 937 3152 illud
958 3119 1012 3152 non
1032 3104 1115 3153 luisse
1134 3103 1272 3162 ordinem,
1294 3105 1342 3152 sed
1361 3107 1466 3152 tantum

340 3180 472 3246 officinm,
489 3181 561 3242 quod
577 3185 666 3229 tamen
682 3181 786 3229 clericis
801 3183 988 3244 potissimum,
1004 3183 1090 3232 rarius
1105 3183 1181 3232 laicis
1196 3183 1330 3231 committi
1346 3182 1465 3240 solebat;

341 3259 412 3308 unde
426 3259 561 3316 Zozimus,
577 3263 722 3321 postquam
743 3261 856 3322 provide
873 3261 1043 3310 ordinatione
1062 3263 1231 3324 praeceperat
1248 3263 1279 3309 ut
1297 3262 1331 3309 ad
1350 3261 1467 3324 majoros

340 3338 449 3394 ordines
469 3352 522 3385 non
544 3337 595 3384 nisi
617 3353 666 3400 per
687 3337 805 3386 minores
827 3341 1027 3399 ascenderetur,
1051 3340 1178 3388 addidit:
1200 3361 1212 3384 ι
1231 3339 1314 3398 Sane,
1335 3343 1366 3388 ut
1384 3339 1466 3388 ctiam

340 3415 497 3477 defensores
510 3415 651 3473 Ecclesia,
668 3417 714 3478 qui
733 3431 766 3466 ex
781 3417 856 3465 laicis
872 3418 953 3476 fiunt,
970 3419 1126 3481 supradicta
1145 3417 1337 3467 observatione
1357 3421 1468 3466 tencan-

327 3494 330 3500 '
341 3499 393 3554 tur,
407 3496 429 3543 si
444 3495 592 3548 meruerint
605 3510 663 3543 esse
678 3496 709 3542 in
719 3496 812 3544 ordine
825 3496 969 3545 clericatus
980 3497 1088 3561 (Zozimi
1099 3498 1179 3559 epist.
1192 3512 1226 3556 rx,
1238 3497 1280 3546 Ad
1290 3495 1464 3560 Hesychium.

341 3590 367 3622 n.
381 3577 408 3632 5;
425 3573 528 3634 Miseno,
544 3572 572 3620 P.
585 3573 624 3631 t,
642 3576 660 3620 t.
676 3589 723 3629 xx,
740 3574 791 3622 col.
808 3575 877 3638 67³).
894 3591 906 3624 r
924 3575 1005 3631 ltem,
1021 3577 1112 3637 quoad
1127 3575 1262 3632 notarios,
1279 3576 1325 3638 qui
1339 3575 1466 3637 primitus

340 3652 458 3700 instituti
478 3651 589 3699 suntad
604 3655 665 3700 acta
679 3655 831 3716 martyrum
846 3654 1056 3712 conscribenda,
1073 3658 1102 3702 et
1115 3654 1213 3702 deinde
1228 3653 1262 3702 ad
1281 3653 1391 3716 publica
1405 3654 1465 3700 ectu

340 3731 523 3778 ecclesiastica
538 3731 656 3791 roganda
672 3731 794 3788 adhibiti,
807 3731 976 3794 probabilius
991 3735 1033 3780 est
1047 3747 1141 3780 eorum
1157 3747 1254 3780 munus
1264 3731 1347 3780 fuisse
1362 3734 1464 3779 tantum

340 3807 472 3872 officium,
495 3809 559 3855 licet
578 3808 683 3856 clericis
702 3810 888 3872 potissimum,
908 3810 963 3858 imo
983 3811 1128 3873 aliquando
1148 3807 1310 3874 majoribus,
1331 3808 1464 3857 committi

340 3887 460 3936 solitum.
473 3885 547 3934 Idem
564 3886 638 3934 dicus
653 3888 686 3934 de
701 3903 811 3936 munere
827 3887 965 3946 oeconomi,
977 3888 1138 3947 catechistae,
1150 3893 1203 3938 etc.
1218 3889 1260 3936 De
1274 3885 1465 3950 defensoribus

340 3968 369 4014 et
387 3963 531 4014 oeconomir
550 3964 583 4012 cl.
601 3965 736 4014 Morinum
752 3968 797 4029 qui
817 3968 850 4016 de
868 3969 906 4015 eis
925 3967 1057 4016 latissime
1076 3968 1143 4030 agit,
1160 3982 1240 4030 opere
1255 3965 1312 4024 cit,
1331 3965 1463 4014 exercitu-

340 4045 379 4092 tio
398 4043 477 4100 xvi,
497 4057 520 4089 c.
539 4057 628 4102 v-vru,
650 4057 676 4105 p.
693 4049 824 4106 att-ltu
847 4073 874 4082 -
894 4046 928 4094 de
947 4045 1049 4094 eisdem
1069 4051 1097 4095 et
1116 4047 1226 4108 insuper
1244 4046 1277 4094 de
1296 4042 1463 4111 catechism,

341 4119 469 4178 notariis,
486 4120 579 4169 aliisve
594 4121 704 4179 officiis,
725 4122 759 4170 cl.
776 4122 921 4186 Binglram,
939 4138 1019 4187 opere
1034 4123 1089 4184 cil„
1105 4124 1153 4173 lib.
1169 4123 1221 4184 111,
1237 4139 1261 4172 c.
1277 4135 1379 4180 x-xnr;
1395 4125 1415 4171 t.
1432 4138 1462 4182 u,

361 4203 476 4248 ‚tt-79.

339 4217 382 4314 p³
398 4277 498 4336 Bruus,
516 4276 650 4336 Concitia,
666 4279 684 4326 t.
702 4293 721 4336 ι,
739 4293 763 4341 p.
782 4283 835 4327 lta.
