3294 5054
345 495 396 548 398
612 496 656 546 DE
674 495 812 546 LEGIBUS
832 495 946 546 SACRAE
965 496 1200 547 riuornnrlonls

391 639 486 708 166.
509 677 553 688 -
570 638 728 726 Duplex
753 657 880 726 genus
898 638 1203 726 privilegiorum
1221 639 1469 728 huJusmodi.

391 757 423 818 1⁰
443 753 664 840 Privilegium
684 753 900 816 ordinarium
920 753 1004 818 illud
1024 761 1076 818 est
1095 754 1187 840 quod
1205 755 1396 840 regulatum
1416 763 1468 820 est

344 867 387 933 ab
402 868 601 932 Innocentio
621 865 686 931 XII
704 866 840 932 decreto
855 865 1138 954 Congregaiionis
1157 869 1315 955 specialis
1333 868 1376 933 ab
1394 870 1470 957 ipso

343 982 406 1046 bac
421 981 463 1046 de
478 1005 513 1046 re
529 981 710 1068 deputatae,
728 979 819 1068 quod
835 979 1008 1046 decretum
1023 981 1152 1046 editum
1167 989 1220 1047 est
1234 981 1274 1046 II
1289 982 1362 1047 dec.
1382 983 1469 1049 1693

345 1096 451 1184 (quod
469 1119 588 1184 supra,
617 1118 652 1160 n.
681 1095 753 1180 98,
775 1095 996 1182 explanatum
1019 1095 1118 1183 tuit);
1136 1096 1235 1183 juxta
1264 1097 1328 1161 hoc
1351 1097 1468 1162 decre-

343 1218 428 1291 tum,
460 1209 677 1296 privilegium
709 1217 806 1272 extra
841 1217 992 1295 tempora
1025 1216 1078 1274 est
1108 1209 1252 1276 facultas
1284 1211 1468 1298 recipiendi

343 1325 481 1413 quidem
501 1323 637 1388 ordines
660 1329 757 1388 extra
779 1330 932 1410 tempora
956 1323 1068 1410 ajure
1088 1331 1232 1406 statuta,
1255 1325 1315 1388 sed
1333 1333 1467 1390 tantum

343 1438 463 1504 diebus
482 1439 659 1502 dominicis
678 1444 737 1502 aut
755 1439 885 1522 festivis
903 1439 944 1502 de
957 1447 1128 1524 pracepto
1152 1439 1251 1525 (licet
1269 1438 1466 1520 dimidiatis,

343 1559 402 1618 aut
414 1553 450 1616 in
462 1551 613 1617 favorem
627 1551 779 1616 fidelium
789 1550 989 1640 abrogatis),
1008 1559 1041 1616 et
1056 1551 1193 1640 quidem
1205 1575 1272 1617 non
1285 1555 1464 1618 continuis.

387 1667 421 1731 2ο
446 1667 667 1752 Prisilegium
693 1667 1006 1730 extraordinarium
1034 1665 1120 1730 illud
1144 1673 1196 1731 est
1220 1668 1311 1754 quod
1339 1667 1467 1755 aliquid

342 1781 437 1846 addit
456 1780 635 1868 privilegio
649 1780 833 1860 ordinario,
855 1803 889 1844 v.
901 1803 950 1867 g.,
968 1750 1048 1868 qiiia
1065 1780 1223 1845 concedit
1237 1781 1465 1868 receptionem

342 1894 499 1959 ordinum
522 1894 578 1958 vel
599 1892 723 1958 'diebus
746 1893 877 1958 festivis
902 1917 969 1958 non
992 1895 1034 1957 de
1056 1904 1243 1980 praecepto,
1272 1895 1329 1960 vel
1347 1895 1467 1960 dicbus

340 2009 542 2095 ferialibus,
558 2007 614 2072 vel
633 2007 753 2072 diebus
772 2009 875 2072 etiam
893 2009 1072 2073 continuis.
1091 2008 1147 2073 Sic
1167 2008 1351 2095 Gregorius
1371 2008 1463 2089 XIII,

341 2123 434 2187 dicto
466 2121 562 2186 brevi
594 2122 697 2186 Pium
729 2131 761 2185 ct
795 2123 893 2205 utile,
921 2122 1067 2186 contulit
1101 2123 1260 2188 Patribus
1288 2123 1466 2188 Societatis

340 2237 423 2302 Iesu
440 2236 658 2323 privilegium
677 2237 862 2322 recipiendi
877 2236 1013 2300 ordines
1034 2259 1148 2301 sacros
1165 2265 1181 2297 «
1198 2244 1293 2302 extra
1313 2245 1463 2324 tempora

341 2349 452 2436 ajure
472 2355 617 2428 statuta,
638 2347 815 2436 tribusque
835 2348 1014 2413 dominicis
1038 2350 1094 2414 vel
1117 2349 1193 2414 aliis
1218 2349 1312 2415 lestis
1332 2349 1461 2430 diebus

340 2465 442 2527 etiam
475 2465 644 2527 continuis
678 2491 694 2524 »
711 2465 734 2528 ¹.
774 2463 855 2526 Haec
892 2462 1070 2550 privilegia
1107 2463 1373 2528 extraordinaria
1405 2464 1466 2528 ali-

341 2577 476 2665 quando
510 2576 741 2641 conceduntur
774 2599 852 2641 curn
885 2575 1038 2641 clausula
1074 2578 1466 2643 incommunicabilitatis

342 2691 394 2780 (v.
429 2715 477 2778 g.‚
511 2691 640 2756 dictum
669 2691 886 2777 privilegium
916 2690 1095 2756 Societatis
1131 2691 1250 2779 lesu),
1282 2691 1326 2757 ad
1363 2715 1463 2780 quam

339 2805 481 2893 proinde
501 2805 689 2870 clausulam
709 2804 829 2870 sedulo
849 2805 1095 2870 attendendum
1116 2813 1179 2870 est.

638 3195 640 3198 Ι
762 3098 821 3163 III.
850 3099 1049 3164 Im'nusrirn

386 3321 480 3389 167.
501 3361 545 3368 -
564 3321 647 3388 Lex
670 3327 709 3386 ot
733 3319 978 3405 dispensatio
1003 3319 1309 3386 interstitiorum
1333 3318 1463 3405 quoad

339 3434 570 3522 Regularos.

384 3553 418 3611 10
438 3549 638 3634 Regulam,
661 3547 749 3612 sicut
769 3546 882 3610 clerici
902 3545 1097 3626 saeculares,
1119 3553 1279 3610 tenentur
1297 3545 1372 3633 Iege
1392 3568 1462 3610 ser-

337 3661 526 3726 vandorum
550 3661 824 3726 interstitiorum.
852 3699 894 3708 -
917 3659 1061 3724 Constat
1083 3659 1227 3724 concilio
1247 3659 1352 3740 Trid,
1374 3661 1461 3748 capi-

337 3775 428 3841 tibus
449 3775 507 3856 II,
531 3777 571 3840 13
592 3783 626 3840 et
647 3775 705 3855 It,
728 3797 813 3841 sess.
836 3773 966 3854 XXIII,
990 3773 1040 3838 Dn
1065 3793 1151 3856 unu,
1174 3774 1208 3838 in
1233 3773 1355 3861 quibus
1381 3797 1462 3838 con-

338 3890 453 3956 cilium
474 3889 539 3954 lert
558 3897 616 3953 aut
635 3889 748 3977 potius
768 3896 910 3952 renovat
929 3888 1041 3975 Iegem
1055 3887 1097 3952 dc
1117 3887 1293 3952 servandis
1312 3887 1463 3952 intersti-

369 4077 377 4109 1
397 4075 497 4124 Vicarii
519 4075 663 4137 apostolici
685 4074 809 4122 Siuarum
833 4075 1027 4136 regionumque
1048 4075 1230 4137 adjacentium
1254 4075 1343 4123 solent
1362 4075 1463 4123 babere

336 4156 493 4203 facultatem
504 4154 659 4202 conserendi
674 4168 764 4200 sacros
776 4153 883 4201 ordines
898 4173 909 4197 «
921 4153 1016 4201 diebus
1028 4151 1183 4212 ferialibus,
1197 4154 1278 4201 etiam
1288 4152 1427 4202 continuis
1439 4173 1462 4200 u.

339 4233 538 4282 Collectaneo...
555 4231 589 4279 ad
604 4245 681 4279 usum
698 4230 856 4279 missionum
872 4231 905 4278 ad
921 4233 1039 4290 eeteros,
1056 4235 1236 4290 11311111,
1254 4231 1375 4290 Pmtsiis,
1391 4236 1463 4290 1880,

336 4326 362 4373 p.
377 4317 415 4359 ti.
