3246 5052
272 455 315 504 DE
335 453 463 504 arrluus
485 452 738 504 ussermannus
757 451 1011 502 ORDiNATlttNL'M
1030 451 1188 502 iratorum
1244 453 1291 502 521

170 598 402 686 episcopatus,
425 596 578 660 formulae
603 618 678 683 quae
702 595 764 659 has
794 594 944 658 actiones
975 595 1198 676 comitantur,
1227 619 1294 660 non

169 711 383 776 constituunt
403 709 546 774 formam
567 709 794 796 episcopatus.

214 825 246 888 2.
263 825 344 888 Haec
358 823 461 888 verba
473 825 596 908 Accipe
606 822 777 908 Spiritum
788 821 964 904 Sanctum,
978 845 1053 909 quae
1065 831 1133 887 tres
1145 825 1295 913 episcopi

169 939 271 1004 simul
298 937 536 1025 pronuntiant,
569 937 651 1001 dum
670 936 772 1000 simul
800 959 921 1000 manus
948 958 1049 1024 super
1075 945 1176 1024 caput
1196 939 1294 1004 electi

170 1053 361 1140 imponunt,
379 1076 447 1116 non
461 1059 541 1117 sunt
556 1051 663 1116 torma
679 1051 911 1137 episcopatus;
925 1069 1023 1114 nam:
1038 1075 1069 1116 a.
1085 1051 1165 1116 Hac
1176 1051 1291 1124 verba,

170 1167 233 1232 hoc
258 1167 333 1230 loco
359 1168 516 1246 recitata,
546 1173 626 1230 sunt
650 1165 848 1230 recentioris
869 1151 1108 1244 institutionis,
1131 1174 1169 1230 ut
1193 1190 1293 1254 supra

170 1282 217 1368 (n.
243 1280 337 1360 209,
359 1283 405 1366 6⁰)
422 1281 550 1344 dictum
571 1288 639 1358 est;
662 1319 705 1328 -
725 1281 758 1344 b.
783 1280 863 1343 Haec
882 1278 986 1343 verba
1002 1279 1103 1343 nimis
1122 1281 1293 1364 generalia

169 1401 264 1471 sunt,
287 1403 321 1459 et
340 1402 485 1482 possunt
503 1394 666 1482 applicari
690 1415 757 1457 non
783 1393 895 1456 solum
919 1393 995 1456 aliis
1020 1393 1210 1466 ordinibus,
1234 1397 1293 1460 sed

168 1509 269 1572 etiam
286 1509 362 1572 aliis
375 1509 611 1583 sacramentis3
634 1507 723 1572 unde
739 1508 831 1571 vices
849 1507 964 1570 tormae
985 1529 1084 1594 agere
1099 1516 1289 1595 nequeunt:

169 1661 211 1672 -
248 1647 276 1688 c.
317 1623 385 1687 Leo
414 1621 512 1696 Xllt,
550 1621 643 1686 bulla
678 1622 880 1707 Apoctolicaa
914 1645 1018 1704 curae,
1055 1621 1167 1686 idibus
1203 1633 1289 1710 sept.

168 1760 222 1801 an.
247 1735 350 1817 1896,
375 1737 424 1800 Du
445 1757 710 1802 onninarrornrrs
737 1757 940 1816 auspicaris,
968 1741 983 1816 ,ξ
1015 1737 1056 1799 In
1084 1739 1152 1800 rita
1177 1739 1291 1823 cujus-

169 1852 261 1929 tibet,
284 1858 318 1914 et
338 1873 409 1938 seq.
424 1855 444 1925 ¹,
463 1850 613 1914 declarat
633 1851 703 1914 ha‘c
723 1849 842 1928 verba,
866 1851 937 1914 sive
959 1873 1019 1936 pro
1039 1849 1289 1937 presbyteratu,

168 1966 238 2028 sive
263 1987 324 2051 pro
350 1966 562 2052 episcopata,
591 1965 734 2029 formam
761 1988 835 2028 esse
861 1964 1138 2043 insufficientem,
1162 1973 1195 2029 et
1216 1965 1291 2028 ideo

167 2079 399 2144 ordinationes
418 2079 630 2166 anglicanas,
661 2103 751 2166 quar,
775 2079 874 2165 juxta
901 2079 1110 2165 primitivum
1132 2079 1291 2143 Ordinato

167 2193 447 2265 Eduardianum‚
471 2191 567 2257 tactae
588 2191 723 2256 fuerunt
744 2215 821 2255 cum
842 2192 902 2255 hac
928 2191 1050 2272 forma,
1074 2191 1177 2256 fuisse
1198 2215 1291 2280 pror-

167 2328 225 2368 sus
245 2305 424 2370 invalidas

213 2419 243 2484 3.
273 2419 361 2504 Ergo
386 2419 492 2484 forma
524 2421 741 2508 episcopatus
771 2443 837 2484 non
870 2427 921 2484 est
955 2419 1020 2483 alia
1049 2428 1172 2506 prater
1196 2420 1290 2484 illam

166 2533 304 2618 longam
329 2535 531 2612 orationem,
555 2558 629 2621 qua·
662 2534 849 2599 vocabatur
875 2535 956 2598 olim
983 2534 1195 2598 Consecratio
1220 2537 1290 2622 epi-

166 2647 277 2732 scopi,
296 2669 370 2734 quee
391 2670 481 2711 nunc
502 2648 697 2712 continetur
715 2649 748 2712 in
765 2647 961 2735 praefatione
994 2649 1074 2711 Vere
1094 2649 1237 2730 dipnunr
1260 2659 1290 2711 ct

160 2762 300 2844 justum
320 2769 378 2824 eat.

213 2971 309 3039 2'74.
328 3009 373 3020 -
392 2973 616 3048 Quaeritur:
642 2975 681 3040 3⁰
702 2973 862 3048 Quanam
881 2977 924 3038 sit
948 2980 1062 3058 forma
1083 2977 1291 3060 episcopatus

167 3087 201 3148 in
222 3086 370 3150 Ecclesia
391 3087 558 3152 orientali.

212 3199 308 3284 ltcsp.
325 3222 337 3264 .·
371 3203 400 3263 t.
424 3200 527 3264 Juxta
547 3201 752 3280 Arcadium,
776 3203 849 3266 loco
874 3203 930 3266 cit.
967 3225 1068 3289 supra
1094 3219 1146 3286 tn.
1175 3203 1288 3282 260'2,

166 3311 273 3377 torma
298 3315 530 3400 episcopatus
561 3315 649 3379 sicut
676 3315 932 3402 presbyteratus
957 3323 991 3380 et
1019 3317 1234 3393 diaconatuS,
1257 3315 1290 3376 in

168 3425 318 3490 Ecclesia
352 3427 485 3506 Graeca,
514 3435 648 3493 constat
681 3429 794 3493 verbis
823 3431 944 3494 Divina
977 3431 1107 3516 qratia,
1129 3437 1193 3494 etc.
1219 3429 1291 3492 Hoc

166 3547 281 3604 tamen
302 3541 435 3605 admitti
456 3542 584 3629 nequit,
606 3549 644 3606 ut
664 3550 798 3608 constat
814 3567 855 3607 ex
875 3542 1000 3608 ibidem
1020 3544 1131 3608 dictis.

212 3655 244 3718 2.
268 3653 389 3719 Forma
408 3663 542 3720 constat
562 3658 713 3722 oratione
739 3657 796 3722 illa
820 3657 1068 3723 consecratoria
1093 3681 1167 3746 quar
1188 3659 1291 3722 conri-

168 3774 260 3832 tatur
291 3769 542 3856 impositionem
571 3793 733 3835 manuum
764 3772 958 3859 pontificis;
990 3797 1066 3836 cum
1097 3781 1228 3850 autem,
1258 3773 1290 3834 in

168 3883 382 3968 rungiaco,
406 3883 475 3947 sint
499 3883 573 3948 duae
601 3885 837 3973 impositiones
862 3909 1039 3967 manuum,
1069 3893 1103 3951 et
1122 3886 1197 3950 dua·
1218 3909 1292 3949 ora-

168 3996 279 4060 tiones
300 3993 520 4082 (Dominator
542 3997 700 4080 Domine,
728 4005 808 4080 cte,
836 4007 869 4064 et
891 4001 1033 4064 Domine
1066 4001 1172 4080 Deus,
1195 4001 1290 4085 etc),

168 4109 260 4196 prior
284 4109 408 4188 oratio,
435 4111 582 4197 priorem
603 4112 855 4199 impositionem
881 4114 1064 4194 comitans,
1087 4121 1179 4177 certo
1200 4112 1293 4176 suffi-

201 4267 209 4298 ¹
227 4266 326 4316 Leonis
342 4267 406 4314 xm
417 4269 496 4322 Acta,
515 4269 621 4324 Romae,
641 4275 710 4320 1⁸97.
729 4275 747 4320 t.
765 4287 820 4326 xri,
839 4287 864 4333 p.
881 4277 934 4319 267.
