3290 5060
237 553 281 601 DE
300 551 487 601 onulitmo
506 551 547 600 ΕΤ
565 551 725 602 LEGlTlMO
743 551 981 603 Ollltllld'l'lONlS
999 549 1160 600 MlNlSTltO
1226 546 1259 598 99

184 695 249 762 35.
268 732 313 742 -
331 695 389 762 De
408 693 501 762 tiliis
525 693 766 781 minoribus,
786 694 917 782 quood
940 693 1186 762 domicilium
1210 693 1261 761 ed

142 807 309 876 ordines.

187 922 216 984 l⁰
235 922 341 986 Filius
361 922 495 1003 minor,'
506 923 541 989 id
560 929 629 1004 est,
652 924 742 1011 apud
765 947 845 1005 noe,
867 931 946 988 ante
970 923 1174 1009 vigesimum
1193 923 1262 1010 pri-

144 1059 231 1100 mum
251 1059 379 1101 annum
399 1036 623 1124 completum,
641 1059 710 1101 non
729 1036 832 1102 hebet
849 1037 1023 1126 proprium
1039 1037 1260 1115 domicilium,

142 1149 206 1212 imo
223 1149 426 1236 regulariter
449 1173 511 1216 nec
536 1149 660 1216 hebere
684 1157 815 1238 potest;
841 1151 1035 1216 leuantem
1059 1152 1089 1215 ei
1112 1151 1264 1238 assignat

143 1263 348 1328 domicilium
373 1273 576 1350 paternum,
609 1265 700 1352 quod
732 1288 854 1353 nempe
884 1273 982 1353 pater
1012 1266 1085 1352 ejus
1112 1265 1264 1352 legitime

144 1377 320 1464 acquisivit
340 1387 374 1443 et
401 1379 493 1444 fovet
512 1379 548 1444 in
570 1379 645 1444 loco
670 1379 916 1459 determinato;
942 1379 1006 1444 hoc
1032 1403 1132 1467 porro
1161 1381 1266 1464 loquio

145 1490 350 1557 domicilium
371 1491 461 1558 lilius
479 1494 616 1574 retinet,
634 1494 736 1558 etiam
756 1501 936 1582 postquem
956 1495 1070 1580 attigit
1090 1496 1267 1580 majorita-

146 1607 184 1670 tis
206 1613 359 1685 aetatem,
383 1607 490 1672 donec
513 1607 606 1672 aliud
629 1609 803 1695 proprium
827 1608 1036 1673 domicilium
1056 1608 1120 1672 sibi
1140 1609 1267 1672 consti-

146 1726 230 1796 tuet,
257 1721 315 1786 vel
341 1722 511 1806 definitive
538 1721 675 1787 recedat
700 1747 719 1787 a
743 1722 818 1787 loco
843 1721 1005 1786 domicilii
1033 1722 1165 1809 paterni
1191 1746 1267 1786 cum

146 1835 253 1900 animo
282 1857 460 1923 nunquam
490 1836 666 1902 redeundi.
690 1877 735 1886 —
760 1837 857 1903 Unde
884 1836 1093 1901 domicilium
1128 1837 1204 1915 lilii,
1233 1838 1267 1901 in
1360 1865 1364 1871 ·

145 1949 314 2034 praedictis
340 1948 491 2032 casibus,
520 1959 574 2016 est
598 1951 688 2016 idem
716 1975 755 2016 ec
781 1950 989 2015 domicilium
1015 1951 1147 2037 patris:
1178 1952 1269 2039 quod

147 2063 244 2128 ctiam
263 2064 478 2149 recognoscit
493 2065 551 2152 jus
571 2065 782 2130 canonicum.

189 2178 223 2241 2⁰
243 2179 352 2264 Ergo,
375 2178 403 2242 si
422 2185 543 2266 agatur
566 2179 607 2243 de
632 2179 701 2244 filio
721 2179 844 2243 minori
863 2180 1068 2260 ordinando,
1090 2181 1269 2268 episcopus

147 2291 230 2378 ejus,
264 2293 396 2356 ratione
423 2287 602 2375 domicilii,
633 2301 686 2358 cst
716 2293 895 2381 episcopus
925 2295 1088 2358 domicilii
1114 2297 1267 2378 paterni,

148 2397 233 2484 quod
253 2398 312 2462 lex
331 2399 483 2484 assignat
503 2407 536 2464 et
555 2400 783 2464 communicat
803 2400 884 2466 lilio.
907 2401 1050 2481 Verum,
1073 2401 1162 2465 sicut
1180 2400 1271 2466 lilius

149 2513 263 2600 recipit
282 2535 303 2577 a
322 2511 398 2599 lege
417 2513 626 2578 domicilium
646 2520 841 2602 paternum,
864 2515 911 2580 itu
931 2515 1050 2602 recipit
1067 2514 1152 2579 illud
1171 2515 1271 2600 quate

150 2635 212 2708 est;
227 2626 345 2713 igitur,
362 2633 399 2692 ut
411 2627 521 2714 possit
536 2627 626 2692 lilius
640 2627 789 2692 ordinari
804 2628 933 2692 ratione
948 2628 1111 2692 domicilii
1125 2628 1269 2716 paterni,

151 2731 358 2806 necesse'est
377 2748 415 2806 ut
432 2741 497 2806 hoc
516 2741 687 2806 munietur
710 2741 869 2807 omnibus
888 2741 1110 2830 qualitatibus
1130 2749 1163 2806 et
1186 2742 1272 2806 doti-

149 2851 208 2920 bus
226 2855 269 2920 eb
291 2855 491 2920 Innocentio
511 2855 683 2944 requisitis
702 2856 737 2920 in
757 2854 849 2920 bulla
869 2855 1103 2941 Speculatores
1111 2875 1125 2936 ,·
1144 2863 1178 2920 et
1198 2879 1274 2942 pro-
1301 2933 1302 2936 Ἴ

152 2966 240 3050 inde,
262 2971 305 3034 de
326 2968 498 3034 domicilio
518 2969 642 3056 petris,
663 2976 703 3034 ut
720 2970 882 3056 prodesse
901 2970 1011 3057 possit
1029 2970 1072 3034 ed
1091 2969 1274 3033 ordinatio·

152 3104 224 3146 nem
243 3083 319 3166 tilii,
337 3083 456 3148 eodem
475 3083 614 3147 omnino
628 3082 771 3148 dicenda
791 3089 871 3147 sunt
886 3107 960 3170 quie
981 3083 1174 3170 supradicta
1193 3088 1273 3146 sunt

151 3197 201 3282 (u.
222 3197 297 3287 33)
317 3197 360 3262 de
379 3196 550 3262 domicilio
570 3197 760 3264 ordinandi.

194 3427 260 3496 36.
280 3467 327 3483 „-
345 3429 403 3496 De
419 3426 647 3514 jnrcmento
667 3426 859 3514 requisito
877 3424 1009 3513 quoad
1028 3424 1274 3494 domicilium

154 3539 199 3607 ed
217 3543 395 3611 ordines.

195 3659 226 3720 l⁰
245 3656 393 3736 Quidam
419 3655 536 3719 dicunt
555 3654 805 3742 juramentum,
832 3653 875 3718 ab
899 3653 1098 3731 Innocentio
1121 3655 1275 3742 praescri-

155 3777 244 3856 ptum
257 3771 300 3836 od
317 3769 566 3835 confirmandas
580 3767 799 3855 probationes
814 3767 976 3832 domicilii
991 3767 1273 3842 ordinandorum,

44 3895 46 3966 ᾗ
157 3886 272 3973 requiri
310 3884 449 3974 quidem
481 3881 618 3972 quondo
652 3882 743 3947 filius
778 3881 954 3946 ordinatur
984 3883 1115 3947 ratione
1147 3882 1275 3969 proprii

157 3997 324 4082 domicilii,
343 4022 410 4064 non
425 4021 505 4063 vero
521 3997 663 4083 requiri,
681 3997 818 4083 quando
836 3997 930 4080 filius
950 3996 1131 4060 ordinetur
1147 3997 1275 4060 ratione

48 4169 50 4186 ,
158 4113 312 4179 ‹louticilii
328 4113 466 4199 paterni
474 4133 488 4196 ,·
506 4118 587 4176 tunc
607 4109 698 4176 enim
722 4133 784 4175 nec
803 4109 893 4173 filius
916 4117 1052 4175 tenetur
1071 4109 1156 4173 illud
1176 4109 1275 4175 emit-

159 4289 216 4335 pum
230 4275 358 4339 originis,
375 4289 444 4322 unus
459 4274 531 4322 onim
548 4275 653 4322 tantum
668 4287 727 4321 osec
742 4273 835 4334 potest
848 4271 993 4334 opiscopus
1010 4270 1133 4331 originis.
1150 4273 1179 4318 ut
1195 4285 1275 4331 supro

159 4351 309 4402 dictumest
325 4353 367 4416 (n.
383 4351 440 4412 29,
451 4353 502 4414 5⁰).
