3248 5052
520 1261 876 1329 DOCUMENTUM
908 1260 964 1326 Ill

220 1496 391 1558 Instructio
404 1497 436 1558 S.
455 1495 718 1579 Conpreqationia
731 1495 769 1556 de
782 1496 994 1578 Propagandi
1008 1496 1037 1556 F
1037 1495 1101 1570 ide,
1120 1494 1157 1556 de
1172 1494 1264 1556 titulo

493 1592 720 1668 ordinationis,
738 1597 775 1654 27
791 1614 858 1673 apr.
879 1596 951 1654 1871
967 1593 987 1652 ¹.

222 1965 249 2022 1.
274 1959 353 2020 Cum
375 1960 559 2018 indecorum
584 1960 711 2019 omnino
736 1960 791 2034 sit,
817 1967 911 2040 atque
935 1981 952 2020 a
974 1959 1173 2032 clericorum,
1196 1957 1249 2039 qui
1273 1957 1304 2016 in

180 2057 274 2116 sacris
301 2055 463 2116 ordinibus
490 2055 736 2130 constituuntur,
761 2055 913 2134 dignitate
940 2077 1067 2136 prorsus
1094 2055 1245 2128 alienum,
1271 2062 1307 2113 ut

180 2153 249 2232 ipsi,
263 2159 318 2213 aut
332 2152 534 2211 emendicatis
550 2151 706 2225 subsidiis,
722 2159 775 2210 aul
791 2173 828 2211 ex
842 2151 969 2212 sordido
984 2160 1118 2232 quaestu,
1130 2172 1166 2211 ea
1181 2171 1251 2231 quae
1267 2150 1306 2209 ad

180 2249 298 2308 victum
320 2248 491 2308 necessaria
513 2256 586 2308 sunt
608 2248 666 2307 sibi
688 2269 868 2328 comparare
886 2255 1050 2327 cogantur,
1070 2268 1161 2307 nemo
1182 2248 1306 2326 ignorat

179 2345 218 2404 ab
238 2344 461 2424 antiquissimis
481 2344 552 2404 inde
571 2343 764 2425 temporibus
783 2351 909 2404 cautum
930 2345 1025 2404 luisse
1046 2350 1095 2418 ut,
1117 2344 1305 2425 quicumque

179 2441 210 2500 iu
227 2440 364 2500 Ecclesia
383 2441 439 2500 Dei
456 2440 494 2500 ad
510 2461 614 2500 sacros
630 2440 755 2500 ordines
775 2447 879 2500 essent
894 2440 1116 2521 promovendi,
1133 2439 1250 2499 eisdem
1267 2439 1305 2498 de

179 2556 316 2615 congrua
336 2544 550 2617 perpetuaque
573 2537 800 2596 sustentatione
824 2536 1052 2616 provideretur.
1077 2537 1158 2596 Olim
1180 2535 1305 2617 quidem

135 2667 137 2672 ·
180 2653 270 2691 nemo
287 2632 500 2706 ordinabatur,
518 2633 576 2692 nisi
595 2640 688 2692 certae
708 2632 937 2693 adscriberetur
952 2633 1106 2707 ecclesiae,
1127 2632 1177 2692 cui
1197 2652 1306 2712 perpe-

179 2737 234 2788 tuo
249 2736 330 2788 esset
345 2728 504 2802 addictus,
522 2735 557 2788 ut
576 2750 614 2787 ex
635 2749 670 2788 ea
688 2728 819 2788 haberet
838 2728 921 2788 unde
939 2729 1035 2788 vitam
1051 2730 1182 2789 honeste
1202 2736 1306 2810 posset

178 2831 353 2884 sustentare
368 2830 473 2898 (conc.
492 2823 655 2902 Chalced,
671 2846 739 2884 can.
752 2827 804 2901 6);
824 2813 1050 2906 posterioribus
1066 2846 1140 2884 vero
1157 2825 1306 2905 tempori-

179 2919 236 2978 bus
251 2921 362 2980 titulus
377 2921 582 2980 ordinationis
598 2921 752 2992 invectae,
771 2942 833 3002 quo
848 2920 996 2980 videlicet
1011 2921 1107 2981 victui
1123 2921 1305 2981 clericorum

179 3017 253 3076 satis
279 3017 505 3076 consuleretur.
533 3016 631 3097 Cujus
659 3017 827 3076 necessitas
856 3017 1000 3098 primitus
1026 3038 1083 3098 pro
1110 3017 1306 3077 ordinatione

178 3112 382 3172 diaconorum
403 3123 435 3172 et
454 3113 709 3194 presbyterorum
731 3113 866 3188 sancita,
890 3113 963 3173 dein
987 3113 1026 3174 ab
1050 3114 1234 3173 Innocentio
1260 3114 1305 3174 lll

177 3207 217 3268 ad
245 3208 452 3268 subdiaconos
481 3230 606 3290 quoque
640 3217 767 3269 extensa
796 3209 856 3269 luit
882 3215 988 3285 (conc.
1018 3209 1208 3270 Lateranen.
1239 3209 1303 3286 ΙΙΙ,

177 3325 245 3365 can.
262 3305 309 3385 5).
328 3305 497 3385 Explorata
515 3312 619 3364 autem
635 3305 782 3376 omnibus
798 3313 871 3364 sunt
886 3326 956 3386 quae
972 3305 1109 3386 synodus
1125 3305 1304 3368 Tridentina

177 3404 189 3478 (
196 3421 270 3462 sess.
289 3401 376 3474 XXl,
396 3402 441 3459 Du
458 3423 535 3476 nes„
553 3421 621 3481 cap.
638 3402 675 3481 ιι)
691 3401 749 3462 hac
766 3423 860 3482 super
874 3423 907 3462 re
922 3403 1102 3476 constituit;
1119 3402 1210 3484 cujus
1225 3403 1304 3463 salu·

177 3497 326 3556 berrimas
355 3497 606 3578 praescriptiones
633 3518 800 3578 progressu
826 3498 976 3578 temporis
1002 3497 1118 3558 alicubi
1146 3499 1304 3578 neglectas

177 3615 201 3652 s.
220 3614 261 3652 m.
280 3593 482 3653 Innocentius
502 3593 560 3667 Xl,
579 3593 691 3652 litteris
710 3594 877 3674 encyclicis
893 3593 931 3653 ad
947 3615 1055 3654 omnes
1070 3595 1233 3676 episcopos
1249 3615 1305 3676 per

176 3689 208 3749 S.
227 3688 262 3748 C.
280 3688 330 3763 C„
346 3689 396 3752 die
412 3693 447 3749 18
463 3691 536 3749 maii
555 3691 630 3751 1679
645 3689 741 3764 datis,
759 3690 940 3770 gravissime
956 3689 1114 3751 observari
1130 3691 1299 3751 mandavit.

215 3789 244 3846 2.
260 3785 357 3845 Porro
373 3786 514 3864 geminus
529 3785 733 3864 distinguitur
749 3785 869 3860 titulus,
886 3784 1118 3846 ecclesiasticus
1134 3787 1253 3847 scilicet
1266 3808 1301 3848 ac
1407 3821 1409 3829 ι

170 3879 422 3960 patrimonialis.
444 3881 503 3940 Hic
527 3891 719 3962 postremus,
745 3883 796 3942 cui
818 3882 1012 3942 occasionem
1036 3881 1157 3942 dedisse
1177 3881 1302 3942 videtur

173 3976 351 4036 Alexander
371 3979 413 4036 lll
434 3977 484 4058 (in
505 3999 573 4058 cap.
595 3999 638 4050 ιν,
661 3978 707 4038 De
725 3977 909 4059 praebend.)
923 3977 945 4052 ²,
967 3979 1083 4060 quique
1103 3979 1185 4039 circa
1207 3979 1299 4039 finem

201 4137 211 4172 ¹
228 4137 397 4187 Collectanea
411 4139 437 4187 S.
455 4139 538 4204 Conq.
552 4139 584 4188 de
601 4139 682 4202 Prop.
698 4137 775 4196 Fide,
793 4153 819 4188 u.
837 4143 906 4198 1179,
924 4139 1030 4200 llomae,
1048 4143 1122 4198 1893,
1139 4154 1165 4202 p.
1183 4143 1236 4190 100.

205 4215 560 4276 2’1“1ιοιιιιιειίιιιιε,Πειιιιί.
581 4219 607 4265 et
628 4232 687 4266 nou.
707 4217 778 4265 Eccl.
802 4217 918 4281 disent,
937 4222 1007 4281 pert.
1025 4217 1063 4276 ll,
1080 4218 1128 4266 lib.
1146 4217 1298 4281 l,cap.1x,

173 4307 199 4341 11.
216 4299 239 4341 2.

266 4389 347 4424 ssent
362 4391 480 4424 oaurnnr.
1123 4391 1158 4444 40
