3290 5060
292 488 337 537 DE
355 486 816 538 nuruulsululssonlntmus
837 487 878 536 ET
896 485 1194 536 uxucuuounucnn
1255 483 1310 536 utu

181 631 298 694 lettres
325 629 599 719 d’ordinetion.);
626 668 671 678 —
706 637 781 695 tum
810 653 830 694 a
868 629 993 694 litteris
1024 629 1314 694 commendatitiis·

180 742 292 831 (apud
304 766 368 808 uos
387 743 512 830 soepius
525 742 626 808 dictis
641 742 815 831 celebret),
833 741 957 830 quibus
972 743 1149 830 episcopus
1164 741 1307 830 preshy-

177 867 290 922 terum
309 857 368 922 vel
386 857 493 922 aliurn
511 856 671 922 clericum
694 856 995 946 peregrinaturum
1009 855 1229 922 commendat
1245 855 1312 922 Or·-

179 970 323 1036 diueriis
348 977 383 1036 et
412 971 503 1036 clero
533 970 687 1036 locorum
696 1023 711 1053 ,.
737 976 777 1035 ut
806 970 920 1058 possit.
951 969 1088 1035 admitti
1117 970 1161 1034 ad
1193 971 1311 1036 missac·

177 1084 448 1150 celebrationem
463 1085 518 1150 vel
537 1085 668 1150 adalia
684 1084 915 1151 ecclesiastica
932 1084 1059 1150 munia.

223 1201 257 1265 3⁰
282 1200 384 1264 Varie
406 1201 576 1264 concinat
594 1239 638 1248 —
659 1199 689 1264 l.
712 1199 845 1264 Nomen
865 1197 964 1263 hodie
984 1198 1124 1264 solitum
1144 1207 1197 1264 est
1216 1199 1310 1263 tutes

178 1304 612 1396 rarumdimissoetdia'm,
629 1312 721 1401 quod
735 1312 939 1377 vocabulum
954 1311 1063 1400 (quod
1076 1312 1195 1378 forsan
1205 1314 1305 1378 alicui

177 1427 286 1492 videri
309 1427 420 1514 possit
441 1428 555 1493 miuus
580 1425 793 1515 accuratum)
814 1433 989 1514 sumptum
1014 1432 1067 1503 est
1089 1425 1132 1491 ab
1156 1427 1305 1514 antiquis

176 1541 301 1606 litteris
321 1542 622 1624 dimissorielihus,
646 1540 770 1630 quibus
789 1541 968 1629 episcopus
987 1541 1092 1628 plene
1111 1540 1307 1606 dimittebat

176 1679 196 1720 a
215 1679 252 1720 se
272 1655 445 1738 clericum,
462 1662 501 1720 ut
515 1654 573 1720 alii
588 1653 726 1720 dioecesi
739 1653 1008 1720 incardinaretur
1020 1655 1050 1734 ¹;
1067 1653 1158 1718 --2.
1174 1654 1306 1720 Vocan-

175 1779 234 1835 tur
259 1770 363 1835 etiam
391 1771 524 1835 licentio
549 1769 729 1835 ordinandi
755 1769 813 1834 vel
842 1769 1026 1857 recipiendi
1056 1767 1310 1834 ordinationem

177 1884 271 1971 (cap.
304 1883 336 1965 l,
363 1884 399 1965 2,
427 1885 463 1966 3,
491 1885 528 1966 l,
555 1884 606 1948 De
636 1904 730 1950 ruur.
762 1903 885 1964 onum,
913 1883 948 1947 in
971 1881 1054 1973 v1);
1080 1921 1126 1930 -
1154 1883 1186 1949 3.
1218 1882 1304 1948 ltem

175 2005 342 2063 vocantur
364 1999 563 2064 Reuerendae
586 1997 702 2086 (conc.
729 1997 837 2079 Trid„
864 2021 938 2084 cap.
962 1996 1310 2078 10‚sess.V11,Ds

176 2115 287 2200 num),
309 2113 389 2200 quia
407 2112 555 2199 incipere
583 2111 696 2177 solent
721 2135 741 2176 a
766 2110 942 2176 vocabulis
968 2112 1175 2194 Reuerendo,
1204 2112 1305 2176 Recc-

176 2227 393 2311 rcndissimo,
415 2225 538 2314 quihus
557 2225 708 2314 episcopi
727 2248 762 2290 se
781 2225 929 2290 salutare
948 2223 1077 2304 soleut;
1099 2265 1145 2274 -
1163 2226 1194 2290 4.
1218 2225 1303 2290 item

175 2339 467 2404 Commendetitiae
497 2338 610 2428 (cono.
642 2339 749 2421 Trid.‚
779 2360 853 2426 cap.
886 2339 922 2422 2,
953 2340 989 2418 3,
1018 2361 1103 2404 sess.
1131 2338 1224 2422 xlv,
1252 2339 1303 2404 Du

175 2453 281 2542 nse),
324 2455 402 2542 quia
442 2454 616 2519 continere
655 2453 769 2518 solent
808 2453 1139 2518 commendationem
1175 2453 1304 2518 subditi

123 2597 128 2610 ·
173 2567 319 2632 dimissi.

220 2807 288 2874 61.
327 2846 375 2856 -
407 2807 635 2876 Auctoritas
677 2812 907 2893 competens»
941 2806 995 2874 ed
1029 2806 1304 2874 concedendus

172 2920 439 2990 diminutius.

221 3039 255 3098 l⁰
282 3035 331 3099 De
357 3035 509 3100 Romano
536 3035 711 3119 Pontifice.
738 3071 782 3082 -
810 3034 905 3098 Sicut
934 3035 1118 3099 Romanus·
1142 3033 1305 3098 Pontifex

171 3157 287 3236 potest
306 3172 367 3236 per
386 3171 423 3213 se
443 3147 599 3212 ordinare
618 3146 822 3235 quemlibet,
844 3148 887 3212 ad
907 3171 1156 3236 quamcumque
1176 3147 1302 3212 dicacem

172 3263 238 3327 sim
264 3263 509 3350 pertinentem,
536 3261 665 3326 laicum
687 3269 747 3326 aut
772 3261 949 3344 clericum,
976 3263 1107 3327 ratione
1134 3285 1299 3349 suprcmae

172 3377 370 3465 potestatiS,
401 3375 555 3456 directae,
590 3375 768 3440 ordinaries
802 3383 838 3440 et
863 3376 1084 3456 immediata,
1116 3375 1151 3439 in
1181 3399 1300 3440 omnes

171 3490 291 3555 fideles
311 3497 345 3554 et
364 3489 541 3570 ecclesias,
563 3489 627 3570 sio,
650 3489 769 3554 eadem
787 3490 935 3571 ratione,
957 3496 1071 3577 potest
1090 3489 1300 3576 quibuslibet

173 3605 219 3670 ad·
235 3603 408 3692 quoslibet
422 3604 558 3668 ordines
573 3603 757 3669 concedere
777 3603 908 3669 litteras
928 3603 1148 3669 dimissorias.
1166 3605 1298 3668 —Hoc

171 3729 288 3784 antem
302 3719 359 3806 jus
379 3717 531 3783 exercuit
549 3724 608 3783 aut
626 3725 761 3782 exercet
779 3717 905 3804 triplici
923 3718 1111 3806 praesertim
1131 3718 1231 3782 modu
1250 3737 1257 3783 :

216 3857 247 3898 a.
279 3832 459 3897 Concessit
483 3831 588 3896 variis
615 3831 768 3917 collegiis
796 3839 834 3896 ut
864 3855 981 3896 eorum
1009 3833 1138 3897 alumni
1165 3833 1299 3920 possint

202 4061 210 4092 ¹
227 4060 268 4108 Cf.
286 4059 397 4116 Hcllicr,
415 4059 465 4107 loc.
478 4057 539 4115 eu„
555 4061 606 4107 art.
623 4064 665 4117 10,
682 4074 707 4106 n.
725 4063 805 4118 8-11,
821 4059 873 4107 ool.
890 4063 959 4108 1050.

202 4137 214 4172 ²
230 4139 337 4186 Nomen
358 4135 515 4185 litterarum
534 4135 761 4186 dimissoriclium
781 4153 853 4198 scope
873 4137 972 4199 legitur
986 4139 1013 4186 in
1028 4153 1104 4186 conc.
1118 4137 1202 4194 Trio„
1218 4152 1245 4182 v„
1260 4153 1295 4198 q,

171 4231 231 4278 cap.
244 4221 282 4273 10,
299 4231 365 4263 sess.
378 4213 438 4274 vll,
454 4215 496 4262 Ds
511 4227 581 4274 nem
597 4229 656 4279 cap.
669 4221 691 4276 2,
703 4231 769 4264 sess.
782 4215 853 4274 XIV,
870 4215 912 4264 De
925 4229 995 4276 nns.;
1010 4231 1069 4278 cup.
1081 4221 1103 4272 3,
1120 4229 1185 4262 sossi
1197 4213 1296 4273 xxm,

171 4294 215 4342 Du
229 4309 289 4342 ner.
