3238 5052
394 535 445 586 500
732 537 774 586 DE
795 535 924 586 smnus
944 533 1181 584 onolxanosts

393 705 486 750 nem,
511 703 577 744 non
602 687 681 743 sunt
703 679 808 742 forma
836 678 1055 754 sacramenti;
1078 700 1156 742 nam
1177 683 1257 740 sunt
1278 700 1411 740 merum
1432 677 1511 738 Inri-

393 797 555 859 tatorium
576 793 617 856 ad
638 793 767 872 tidcles,
788 801 827 856 ut
843 793 914 880 jam
936 791 1149 856 dictumest.

435 911 466 975 3.
492 909 571 972 llere
591 907 716 980 oratio,
739 907 877 970 Exaudi
898 929 973 984 nos,
997 914 1077 984 ete,
1100 929 1175 992 quer
1199 905 1315 968 statim
1337 905 1511 993 subsequi-

391 1033 456 1098 tur,
481 1023 606 1110 pariter
632 1043 699 1084 non
727 1029 778 1084 est
806 1021 913 1084 [orma
943 1019 1215 1108 presbyteratum
1243 1025 1280 1084 ut
1306 1019 1401 1084 enim
1427 1029 1511 1107 patet

390 1139 441 1200 his
462 1135 597 1200 verbis:
621 1139 715 1214 Quos
740 1143 806 1200 tuse
826 1135 963 1222 pietatis
987 1133 1181 1221 aspectibus
1206 1135 1384 1216 offerimus
1406 1157 1511 1198 eonse-

389 1255 543 1333 rrandos,
567 1274 632 1314 non
654 1259 706 1314 est
722 1249 787 1313 nisi
807 1249 1057 1336 prmparatoria.

434 1369 465 1430 t.
499 1366 619 1428 Forum
648 1365 843 1428 continetur
870 1365 902 1427 in
931 1363 1160 1450 subsequente
1190 1366 1412 1448 Praesetioae‚
1445 1388 1512 1452 qua

389 1483 468 1545 olim
489 1479 674 1544 vocabatur
693 1481 897 1542 consecratio
917 1479 1128 1563 presbyteri,
1152 1479 1185 1542 in
1206 1502 1271 1566 qua
1292 1501 1412 1543 revera
1434 1501 1511 1566 pon-

391 1597 470 1660 tifex
498 1595 698 1682 deprecatur
724 1593 850 1671 Deum,
872 1601 911 1658 ut
931 1593 1046 1656 mittat
1075 1592 1238 1680 Spiritum
1267 1593 1452 1670 Sanctum,
1474 1592 1511 1654 ad

388 1712 450 1774 hoe
471 1717 509 1773 ut
529 1707 737 1772 ordinandus
757 1709 898 1796 recipiat
922 1707 1124 1792 dignitatem
1144 1713 1177 1770 et
1201 1707 1345 1794 gratiam
1370 1706 1512 1794 presby-

388 1831 537 1889 teratus:
560 1845 626 1909 qna
643 1822 801 1885 nimirum
822 1822 991 1897 oratione,
1013 1822 1173 1902 materia,
1191 1821 1320 1886 scilicet
1341 1821 1511 1910 impositio

389 1961 550 2002 manuum
571 1937 642 2024 jam
675 1935 779 2015 sacta,
802 1935 948 2024 perfecte
976 1937 1221 2000 determinatur
1248 1935 1290 1998 ad
1316 1936 1513 2022 significan·

387 2052 467 2116 dum
488 2051 639 2114 ordinem
669 2049 935 2137 presbyteratus.
959 2051 1103 2125 Revera,
1124 2059 1162 2114 ut
1188 2049 1345 2114 concludi
1372 2051 1456 2116 lieet.
1476 2072 1512 2112 ex

388 2164 545 2228 onmihus
566 2163 694 2242 formis
717 2187 792 2250 quar
812 2171 993 2228 occurrunt
1012 2163 1046 2227 in
1065 2151 1168 2228 variis
1187 2163 1319 2243 ritibus,
1343 2172 1419 2227 tum
1440 2165 1512 2228 lati-

389 2279 457 2354 nis,
489 2287 561 2342 tum
593 2277 831 2358 orientalibuS,
859 2301 958 2363 supra
993 2277 1189 2365 descriptiS,
1215 2283 1330 2361 forma
1362 2281 1512 2344 continet

388 2415 521 2478 semper
541 2391 740 2465 orationem,
763 2415 828 2479 qua
849 2391 1003 2478 pontifex
1025 2393 1132 2456 Deum
1153 2393 1353 2479 depreeatur
1376 2401 1417 2456 ut
1437 2393 1513 2455 mit-

390 2513 437 2569 tat
472 2505 635 2592 Spiritum
674 2505 857 2582 Sanctum,
891 2505 934 2568 ad
971 2506 1033 2570 hoc
1068 2515 1107 2570 ut
1135 2505 1345 2570 ordinandus
1373 2507 1513 2593 recipiat

389 2621 590 2704 dignitatem
610 2619 738 2682 ordinis
757 2619 984 2699 determinati,
1008 2643 1115 2706 eoque
1134 2621 1198 2685 rite
1218 2629 1251 2684 et
1272 2621 1375 2706 digne
1397 2619 1513 2706 iunga-

389 2741 454 2798 tur.
484 2771 527 2780 —
558 2734 639 2813 Nec,
673 2733 837 2820 quidquid
866 2733 983 2797 dicunt
1011 2733 1162 2822 plerique
1189 2734 1417 2813 scholastieit.
1445 2735 1513 2798 ullo

390 2847 489 2910 niodo
510 2847 690 2934 requiritur
706 2853 742 2909 ut
763 2843 870 2910 forma
886 2847 930 2912 sit
950 2848 1147 2930 imperativa
1154 2867 1168 2929 ,·
1186 2847 1279 2911 nulla
1295 2847 1386 2910 enim
1400 2847 1513 2934 hujus·

390 2961 480 3024 modi
506 2959 611 3023 sorma
638 2961 803 3046 reperitur
824 2961 857 3023 in
883 2961 1032 3048 antiquis
1053 2959 1174 3025 ritibus
1199 2984 1299 3048 supra
1320 2961 1509 3050 descriptis.

435 3189 529 3256 260.
550 3227 591 3235 -
618 3190 839 3265 Quaeritur:
862 3191 903 3258 3υ
923 3189 1084 3264 Quaertam
1098 3191 1142 3252 sit
1163 3191 1331 3274 impositio
1349 3213 1511 3254 manuum

389 3304 573 3366 essentialis
592 3314 624 3365 et
644 3307 758 3388 forma
774 3305 1034 3388 presbyteratus
1055 3305 1089 3366 in
1115 3305 1184 3368 ritu
1204 3327 1325 3389 precco.

435 3417 532 3501 Hesp.
549 3439 561 3481 .·
584 3421 613 3481 t.
636 3417 806 3481 Areudius
827 3417 907 3497 (def.
931 3441 985 3483 an.
1010 3419 1093 3484 1634
1115 3419 1278 3505 circiter),
1300 3420 1359 3506 qui
1384 3421 1512 3506 origine

389 3531 527 3594 Graecus
548 3539 635 3610 erat,
665 3530 723 3595 sed
748 3531 816 3595 iere
842 3538 949 3597 totam
970 3533 1073 3596 vitam
1100 3533 1217 3597 Romae
1241 3533 1352 3618 degit,
1374 3534 1514 3598 litteris-

389 3668 454 3732 que
474 3644 589 3708 latinis
609 3645 744 3730 egregie
764 3653 834 3710 erat
855 3645 1026 3728 eruditus,
1049 3646 1180 3728 docuit,
1203 3647 1238 3710 in
1262 3671 1323 3711 suo
1344 3671 1446 3734 opere
1465 3647 1514 3710 De

389 3761 565 3823 concordia
587 3759 740 3823 Ecclesiae
762 3759 983 3824 Occidentalis
1002 3770 1033 3824 ct
1057 3759 1238 3824 Orientatis
1263 3763 1297 3824 in
1316 3771 1443 3846 septem
1462 3785 1516 3824 sa-

389 3896 494 3937 cram.
526 3873 835 3957 adrrzinistrutione,
867 3874 978 3961 quoad
1007 3883 1076 3939 tres
1102 3875 1238 3940 ordines
1269 3874 1514 3956 hierarchicos,

389 3987 638 4074 episcopatum,
661 3986 932 4074 presbyteratum
953 3995 987 4052 et
1011 3987 1243 4070 diaconatum,
1266 3987 1411 4054 formam
1433 4013 1516 4052 eon-

420 4189 427 4218 ¹
448 4189 583 4241 Morinos.
602 4193 670 4250 part.
688 4189 739 4239 ill.
757 4191 866 4237 exercit.
883 4207 914 4248 n,
931 4205 953 4238 c.
971 4205 1001 4248 n,
1019 4205 1043 4238 u.
1062 4197 1086 4246 1,
1103 4207 1129 4252 p.
1148 4196 1184 4239 17.
1203 4221 1227 4227 -
1250 4195 1290 4241 De
1310 4193 1396 4241 formu
1416 4192 1518 4255 depre-

389 4266 475 4314 cativa
491 4268 532 4314 vet
547 4266 694 4315 indicativa
710 4267 798 4328 quoad
813 4267 1021 4326 ordinationem,
1037 4269 1071 4316 cs.
1088 4271 1169 4318 etiam
1184 4269 1339 4328 Verrieelli,
1356 4272 1394 4319 De
1408 4269 1517 4318 missio·

390 4343 470 4392 nibus
486 4344 654 4407 apostaticis,
671 4361 697 4407 q.
713 4361 809 4400 escun,
829 4349 893 4394 sect.
912 4363 1020 4404 rr·vnr‚
1037 4361 1062 4408 p.
1080 4352 1121 4395 sol
1139 4363 1179 4410 sq.
