3316 5052
338 455 392 508 282
607 456 651 506 DE
669 456 808 508 LEGIBUS
827 455 942 508 SACRAE
960 452 1198 508 ORDINATIONIS

336 601 436 687 juxta
464 599 702 688 praescriptum
733 600 901 689 episcopi,
928 622 965 666 se
993 605 1184 682 exerceant,
1213 596 1315 684 idque
1342 595 1377 660 in
1405 619 1462 676 ea,

339 715 395 780 cui
422 713 586 803 adscripti
612 721 730 796 erunt,
759 714 918 796 ecclesia,
1017 720 1120 802 atque
1148 712 1195 776 ita
1223 709 1265 776 de
1293 711 1401 798 gradu
1429 710 1465 775 in

340 828 484 916 gradum
509 828 736 895 ascendant...
760 855 778 891 s
800 827 882 908 Sed,
903 833 943 894 ut
960 833 1072 916 patet,
1094 826 1158 892 hoc
1177 823 1376 892 exercitium
1395 847 1465 891 non

339 952 393 1011 est
418 943 484 1008 nisi
510 966 578 1008 una
602 965 644 1008 ex
668 941 857 1008 rationibus
880 965 957 1030 quae
980 941 1189 1008 induxerunt
1210 939 1399 1006 Ecclesiam
1421 939 1466 1006 ad

340 1056 591 1147 prescribenda
617 1056 824 1137 interstitia;
854 1079 955 1144 porro
985 1057 1071 1122 ratio
1102 1053 1189 1141 legis
1216 1076 1285 1120 non
1312 1059 1366 1120 est
1394 1053 1461 1118 lex.

342 1171 502 1238 Ceterum
518 1171 702 1238 concilium
724 1193 794 1236 non
813 1171 885 1258 agit
907 1169 975 1237 nisi
993 1169 1035 1236 de
1058 1167 1246 1234 minoribus
1269 1166 1463 1244 ordinibus,

339 1293 374 1350 et
391 1285 452 1351 illa
469 1285 505 1350 in
521 1285 748 1352 determinata
766 1283 910 1352 ecclesia
928 1283 1127 1350 clericorum
1143 1281 1344 1369 adscriptio,
1362 1303 1465 1370 quam

340 1399 520 1487 supponit,
541 1421 611 1465 non
635 1401 673 1465 fit
698 1399 856 1488 amplius.
877 1436 923 1450 -
943 1397 1079 1465 Sufficit
1102 1418 1183 1485 ergo
1206 1403 1245 1462 ut
1266 1394 1379 1462 clerici
1401 1417 1465 1482 per

341 1519 476 1600 tempus
498 1514 701 1602 requisitum
724 1514 760 1580 in
784 1513 901 1580 ordine
924 1517 1059 1600 recepto
1082 1517 1275 1592 versentur,
1293 1515 1395 1596 atque
1413 1508 1463 1572 ita

342 1625 569 1714 obligationes
586 1627 690 1717 hujus
708 1627 855 1710 ordinis,
871 1651 905 1693 v.
924 1649 972 1714 g.,
988 1625 1127 1692 habitus
1141 1623 1306 1691 clericalis
1320 1622 1463 1689 delatio-

339 1763 435 1824 nem,
457 1742 624 1809 castitatis
647 1742 916 1823 observantiam,
938 1741 1096 1806 horarum
1120 1738 1358 1806 canonicarum
1380 1737 1464 1802 reci-

340 1855 504 1921 tationem
523 1857 633 1944 (quod
651 1864 704 1923 est
722 1879 842 1922 verum
856 1856 1011 1941 officium
1026 1877 1087 1920 seu
1101 1853 1364 1940 ministerium),
1380 1857 1461 1931 etc,

340 1967 567 2056 adimpleant,
589 1976 628 2036 ut
651 1971 746 2059 digni
765 1969 962 2058 judicentur
984 1968 1027 2034 ab
1051 1967 1210 2057 episcopo
1232 1967 1291 2056 qni
1309 1967 1464 2056 superius

338 2083 537 2156 asceudant.
604 2136 611 2150 ,
787 2070 791 2080 ⁴

385 2197 417 2262 2.
438 2197 500 2264 'De
522 2201 610 2285 jure
633 2200 856 2286 particulari,
886 2198 1013 2265 alicubi
1041 2197 1225 2286 requiritur
1253 2203 1293 2264 ut
1322 2196 1464 2262 clericus

340 2313 530 2378 exercuerit
549 2314 895 2410 ordinem'receptum
915 2321 1098 2402 antequam
1122 2291 1284 2378 ascendat
1302 2310 1345 2375 ad
1364 2333 1464 2398 supe-

340 2425 475 2492 riorem.
498 2426 554 2493 Sic
574 2428 609 2493 in
627 2428 710 2494 urbe
736 2430 865 2511 Roma,
891 2428 981 2493 unde
1006 2427 1168 2509 Romani,
1190 2424 1249 2514 qui
1271 2425 1463 2514 promoveri

340 2540 481 2628 cupiunt
514 2543 557 2608 ad
590 2543 807 2610 diaconatum
839 2550 899 2610 aut
932 2543 1228 2632 presbyteratum,
1261 2539 1464 2605 documenta

339 2653 498 2722 exhibere
525 2656 651 2722 debent
676 2658 716 2723 de
743 2659 930 2722 ministerio
957 2657 992 2721 in
1020 2656 1139 2721 ordine
1169 2654 1328 2740 inferiori
1354 2653 1463 2718 adim-

335 2769 460 2854 pletol.
482 2770 580 2836 Unde
599 2771 701 2836 etiam
720 2771 850 2836 alumni
869 2769 1093 2860 quorumdam
1114 2770 1345 2835 Romanorum
1363 2765 1464 2832 colle-

339 2883 473 2970 giorum
503 2885 636 2950 indulta
667 2884 909 2974 impetrarunt,
940 2883 1065 2972 quibus
1093 2881 1137 2950 ab
1163 2883 1227 2949 hac
1255 2880 1462 2968 obligatione

339 2999 444 3064 soluti
461 3007 558 3080 sunt,
580 3023 614 3065 v.
635 3022 685 3086 g.‚
705 2999 838 3064 alumni
857 2998 992 3086 collegii
1015 2997 1143 3085 Congr.
1167 2997 1211 3062 de
1236 2996 1338 3083 Prop.
1360 2995 1460 3072 Fide,

261 3098 263 3102 ¹
337 3135 381 3175 ex
400 3110 528 3178 Urbani
547 3111 626 3177 Vlll
647 3113 742 3178 brevi
760 3113 819 3178 Ad
838 3114 972 3196 uberes,
996 3111 1037 3178 18
1057 3111 1125 3178 mai
1145 3109 1231 3178 1638
1242 3114 1265 3176 ².

385 3343 479 3410 111.
508 3381 553 3392 —
582 3342 782 3420 Quaeritur
810 3361 822 3411 ε
851 3343 894 3412 3⁰
921 3342 1016 3406 Num
1047 3341 1182 3427 viqeant
1213 3339 1394 3406 interstitia
1428 3339 1459 3402 in

337 3455 487 3522 Ecclesia
508 3456 685 3523 Orientali.

384 3571 483 3657 Resp.
508 3593 521 3637 .·
555 3574 585 3638 l.
620 3571 779 3638 Ecclesiae
810 3569 990 3636 orientales
1017 3569 1094 3659 lege
1122 3569 1383 3636 interstitiorum
1411 3575 1462 3634 te-

338 3691 473 3767 nentur,
499 3691 538 3751 ut
567 3691 701 3751 constat
728 3686 836 3751 relato
864 3707 967 3774 supra
998 3683 1050 3775 (n.
1086 3683 1184 3773 107)
1210 3705 1283 3748 can.
1312 3683 1334 3749 5
1362 3705 1458 3748 conc.

337 3800 537 3865 oecumenici
565 3799 662 3880 v1113
693 3799 785 3889 quod
813 3801 952 3889 insuper
978 3798 1135 3888 plurimis
1163 3797 1377 3864 doerunentis
1405 3797 1461 3862 de-

338 3919 506 3978 monstrat
543 3920 660 3979 contra
700 3914 866 4002 quosdam
907 3915 975 3978 Leo
1013 3911 1202 3977 Allatius³.
1238 3910 1309 3976 Lex
1346 3918 1461 3976 tamen

368 4109 436 4158 ¹Cl.
452 4109 663 4168 Honorante,c.
679 4125 758 4170 rv,n.
774 4115 801 4169 ὃς
818 4125 841 4160 c.
857 4125 883 4169 v,
900 4125 927 4158 n.
943 4112 970 4168 t,
987 4124 1013 4172 p.
1027 4112 1071 4166 5⁶,
1087 4113 1127 4158 60.

368 4186 379 4220 ²
395 4189 478 4250 Apud
492 4189 525 4236 de
537 4187 675 4246 Mantinia,
690 4188 768 4238 Juris
779 4187 879 4252 pontis.
890 4187 925 4236 dc
939 4187 1020 4250 Prop.
1029 4185 1107 4245 Fida,
1121 4186 1192 4250 part.
1202 4184 1229 4245 1,
1239 4188 1260 4234 t.
1272 4201 1293 4244 1,
1309 4189 1460 4248 pits-17⁴.

366 4263 434 4316 ²De
456 4267 535 4316 aetate
558 4267 584 4315 et
607 4265 765 4315 interstitiis
791 4265 873 4315 ettam
898 4265 971 4328 apud
998 4265 1105 4315 Graecos
1125 4263 1280 4320 servandis,
1302 4278 1330 4325 p.
1351 4267 1460 4324 69-217,
