3246 5052
357 396 407 446 5:30
694 396 737 444 DE
758 395 888 445 lll'l'lBUS
908 395 1143 444 Ossnlxnrmms

356 570 408 610 res
428 552 551 610 vocant
570 567 638 608 non
658 551 858 634 χειροτονίαν,
880 567 956 632 quic
975 551 1028 608 est
1047 541 1218 630 impositio
1239 563 1400 606 manuum
1422 565 1483 628 pro

354 659 462 723 tribus
486 657 661 722 ordinibus
686 658 886 747 majoribus,
909 659 968 722 sed
987 651 1169 744 χειροθεσίαν
1185 659 1206 733 ¹,
1237 657 1484 720 temeratione

354 773 493 836 relativa
501 791 516 854 ,·
535 772 593 836 alii
613 773 698 836 ritus
714 780 794 837 sunt
813 779 977 838 recentes.

397 887 432 950 2⁰
455 885 493 950 ln
514 886 590 952 aliis
610 887 731 952 ritibus
751 886 989 961 orientalibus
1012 887 1101 950 idem
1122 887 1190 950 lere
1213 885 1393 950 dicendum
1414 895 1481 968 est,

353 1001 417 1064 nisi
433 1001 522 1090 quod
543 1001 632 1089 apud
649 1001 835 1068 Maronitas
854 1009 887 1066 et
902 1002 1073 1066 Armenos
1087 1001 1200 1066 addita
1222 1000 1322 1064 fuerit
1341 1002 1483 1065 traditio

352 1117 463 1180 calicia
485 1125 516 1178 ct
532 1125 674 1201 patenae.
697 1117 801 1204 Apud
824 1117 1062 1196 Nestorianos‚
1087 1139 1154 1181 non
1175 1117 1213 1180 lit
1237 1137 1398 1180 manuum
1420 1115 1484 1179 im-

353 1231 495 1318 positi03
519 1231 561 1295 el.
584 1254 698 1318 supra,
720 1254 754 1295 n.
774 1233 869 1300 233.

423 1473 489 1540 ξ2.
513 1473 565 1530 De
585 1473 659 1529 ritu
680 1472 875 1529 essentlell
895 1471 1138 1543 acolythatus,
1158 1471 1406 1528 exorcistatus

770 1573 805 1627 et
824 1568 1055 1626 ostlnrtatus.

397 1748 492 1817 286.
512 1788 556 1796 -
575 1749 633 1816 De
653 1747 893 1836 acolythatu.

400 1867 431 1926 l0
456 1863 589 1951 Duplex
621 1869 673 1926 est
709 1863 794 1928 ritus
824 1863 1016 1928 essentialis
1048 1861 1280 1950 acolythatus,
1320 1885 1444 1950 nempe
1469 1883 1476 1927 :

354 1981 383 2041 l.
415 1976 552 2041 traditio
581 1975 770 2040 ceroferarii
799 2000 876 2041 cum
905 2000 1018 2058 cereo,
1049 1999 1125 2040 cum
1155 1975 1267 2041 verbis
1296 1975 1476 2041 relativis:

350 2091 502 2175 Accipite
528 2093 787 2174 ceroferarium,
814 2099 894 2170 etc,
923 2129 967 2140 -—
992 2092 1024 2154 2.
1050 2091 1187 2154 traditio
1208 2091 1335 2154 urceoli
1361 2091 1474 2168 vacui,

349 2229 426 2270 cum
459 2203 572 2268 verbis
605 2203 889 2290 respondentibus
914 2225 921 2271 :
951 2206 1103 2290 Accipite
1133 2205 1322 2276 urceolum,
1348 2212 1412 2269 etc.
1432 2243 1477 2254 —

350 2319 559 2384 Cerolerario
584 2317 745 2384 substitui
770 2320 889 2406 nequit
904 2321 1111 2405 palmatoria
1135 2319 1300 2406 episcopi,
1319 2326 1357 2384 ut
1376 2319 1418 2384 de
1439 2343 1475 2384 se

348 2440 459 2520 patet,
492 2441 526 2497 et
554 2433 729 2520 respondit
762 2432 796 2498 S.
834 2434 903 2499 Rit.
939 2433 1063 2520 Congr.
1096 2433 1130 2496 in
1163 2433 1387 2515 Bracbarcn,
1420 2433 1474 2498 die

349 2547 368 2612 8
384 2548 472 2633 junii
493 2547 591 2628 1709,
612 2549 655 2612 ad
675 2551 731 2614 4².

393 2663 428 2726 20
447 2663 597 2750 Utraque
612 2664 748 2727 traditio
764 2665 939 2730 constituit
960 2665 1157 2746 materiam,
1176 2661 1277 2727 verba
1295 2685 1373 2725 vero
1389 2661 1473 2726 rela-

348 2776 417 2839 tiva
437 2777 648 2842 constituunt
660 2781 812 2861 sormam
832 2779 1068 2858 sufficientem,
1087 2777 1187 2842 etiam
1208 2776 1474 2863 independenter

347 2887 388 2953 ab
408 2889 618 2954 orationibus
638 2890 886 2978 antiquissimis
906 2915 980 2980 quae
1001 2897 1200 2978 sequuntur.

392 3094 486 3162 287.
514 3133 557 3142 -
583 3096 640 3162 ΒΘ
660 3096 912 3163 exorcistatu.
933 3135 976 3143 —-
1003 3095 1103 3160 Ritus
1129 3095 1321 3160 essentialis
1341 3097 1473 3159 exorci-

345 3217 455 3272 status
482 3215 616 3273 constat
643 3208 824 3274 traditione
850 3207 927 3272 libri
949 3210 1231 3290 exorcismorum,
1256 3216 1295 3273 ut
1315 3211 1469 3291 materia,

345 3345 421 3385 cum
432 3321 545 3386 verbis
558 3322 709 3388 relativis
723 3342 730 3388 :
743 3323 906 3408 Accipite,
922 3333 953 3387 ct
961 3325 1190 3388 commendate
1204 3324 1469 3402 memoriae,etc.,

344 3459 418 3521 quae
435 3437 649 3502 constituunt
667 3441 819 3520 sormam
840 3436 1075 3501 sufficientem.
1103 3477 1144 3489 -
1169 3437 1257 3502 Loco
1274 3437 1354 3501 libri
1374 3459 1472 3501 ecor—

343 3550 528 3614 cismorum
557 3549 645 3614 tradi
680 3557 792 3637 potest
823 3551 1037 3635 Pontificalc,
1072 3551 1126 3615 vel
1155 3551 1307 3633 Μὶςεαίε,
1338 3558 1377 3614 ut
1406 3549 1470 3614 sert

343 3664 416 3750 ipsa
436 3663 567 3728 rubrica
587 3665 796 3750 Pontificatia
815 3666 970 3730 Romani.

388 3866 483 3934 288.
504 3905 546 3914 —
566 3869 623 3935 De
638 3869 858 3936 ostiariatu.
880 3907 923 3917 —
944 3869 1043 3934 Ritus
1063 3870 1254 3934 essentialis
1274 3871 1471 3935 ostiariatus

342 3989 476 4046 constat
495 3981 676 4046 traditione
696 3982 844 4047 clavium
864 3983 1031 4059 ecclcsiae,
1054 3990 1091 4047 ut
1111 3983 1269 4066 materia,
1291 4006 1368 4048 cum
1391 4007 1470 4047 ver-

374 4135 381 4168 ¹
401 4139 440 4184 Dc
455 4152 508 4198 quo
523 4136 556 4184 cs.
573 4137 654 4194 Goar,
669 4135 869 4201 Euclrotoyium
886 4139 1054 4196 Groecorum,
1072 4155 1097 4201 p.
1114 4141 1167 4194 etr,
1184 4141 1240 4185 not.
1257 4141 1295 4184 11.

372 4215 383 4246 ²
400 4215 511 4261 Decreta
529 4213 700 4272 authentica,
717 4230 743 4264 n.
760 4220 833 4274 2195,
852 4221 870 4265 t.
887 4233 918 4276 n,
934 4233 960 4279 p.
976 4223 999 4265 9.
