3316 5052
329 489 373 538 DE
392 487 512 538 DEBITA
530 487 752 541 SUCCESSIONE
771 488 1046 540 IIECIPIENDORUII
1065 486 1219 539 ORDINUII
1284 483 1334 537 281

259 633 291 697 2.
317 629 450 720 Lapsus
474 631 576 696 unius
599 633 679 698 anni
703 627 871 698 naturalis
891 653 1024 719 semper
1040 629 1165 696 sufficit
1179 629 1223 698 ad
1237 630 1338 696 satis-

213 745 406 812 faciendum
431 745 499 833 legi
525 745 567 811 de
592 745 803 827 interstitiis,
832 745 934 811 etiam
960 745 1095 834 quando
1123 743 1258 810 brevior
1286 751 1337 809 est

213 883 302 926 anno
327 860 557 926 ecclesiastico.
583 860 751 926 -Ratio
778 865 831 925 est
855 859 951 948 quia,
979 859 1015 923 in
1042 881 1145 924 sensu
1170 858 1335 945 genuino,

212 996 322 1039 annus
341 973 546 1062 intelligitur
564 975 732 1063 praecipue
752 974 930 1040 naturalis.

259 1087 291 1153 3.
314 1087 446 1153 Sufficit
465 1087 592 1178 pariter
615 1089 732 1177 lapsus
754 1088 857 1153 unius
881 1087 961 1154 anni
984 1087 1212 1171 ecclesiastici,
1234 1087 1281 1152 ita
1300 1092 1337 1152 ut

213 1201 374 1284 clericus,
403 1202 580 1268 ordinatus
606 1203 768 1269 diaconus
794 1201 935 1268 sabbato
964 1208 1082 1267 sancto
1108 1200 1212 1289 hujus
1240 1201 1336 1283 anni,

213 1315 322 1404 possit
348 1314 496 1382 ordinari
521 1316 700 1406 presbyter
726 1315 868 1383 sabbato
894 1322 1012 1382 saneto
1038 1315 1119 1381 anni
1145 1315 1336 1403 sequentia,

214 1430 294 1496 lieet
317 1429 469 1496 nondum
489 1431 657 1496 ellluxerit
676 1453 785 1497 annus
806 1431 984 1496 naturalis.
1006 1467 1051 1481 -
1070 1430 1170 1496 Ratio
1194 1436 1246 1495 est
1265 1436 1338 1495 tum

214 1544 309 1633 quia,
335 1544 508 1611 moraliter
536 1545 724 1633 loquendo,
755 1567 865 1610 annua
892 1545 1025 1631 elapsus
1054 1552 1118 1629 eet,
1150 1543 1339 1633 praesertim

213 1658 249 1723 in
279 1681 315 1724 re
349 1658 529 1748 liturgica3
564 1666 638 1725 tum
671 1659 766 1747 quia,
800 1681 879 1724 cum
907 1659 1043 1724 ordines
1076 1658 1164 1723 sacri
1195 1657 1339 1722 conferri

214 1779 386 1860 nequeant
404 1769 471 1838 nisi
490 1795 550 1839 sex
573 1772 725 1839 sabbatis
749 1772 1000 1855 determinatis,
1023 1771 1144 1837 sinon
1169 1771 1339 1837 sufficeret

213 1908 325 1952 annus
353 1887 620 1970 ecclesiasticus,
651 1887 900 1974 expectandum
929 1894 1020 1953 esset
1048 1885 1191 1952 ulterius
1219 1885 1339 1950 sabba-

214 2007 304 2082 tum,
327 2006 362 2066 et
385 2001 434 2066 sic
458 2001 545 2068 forte
573 2001 765 2068 differretur
793 1999 962 2067 ordinatio
987 2000 1078 2066 ultra
1106 2007 1176 2065 tres
1204 2021 1338 2064 menses

216 2113 357 2202 (praeter
374 2137 501 2180 annum
525 2115 711 2205 elapsum).
737 2113 837 2182 Unde
861 2114 1016 2180 sufficere
1040 2136 1167 2180 annum
1180 2114 1339 2178 ,ecclesio-

213 2230 337 2295 sticum
357 2230 581 2296 communiter
595 2237 714 2296 tenent
728 2229 921 2312 doctores¹,
938 2227 1006 2294 imo
1021 2235 1056 2294 et
1070 2228 1143 2317 ipsa
1158 2228 1192 2294 S.
1210 2228 1336 2315 Congr.

216 2341 321 2410 Conc.
336 2347 359 2408 ¹.

261 2589 356 2658 110.
381 2628 425 2640 -
449 2590 651 2667 Quaeritur
675 2607 687 2656 ι
715 2589 757 2657 2⁰
780 2587 877 2652 Num
907 2589 1108 2675 requr'ratur
1137 2594 1174 2653 ut
1199 2587 1340 2652 clericus

214 2711 367 2770 exerceat
392 2704 547 2769 ordinem
575 2703 790 2790 inferiorem,
818 2710 1003 2789 antequam
1027 2709 1270 2789 promoveatur
1297 2701 1342 2765 ad

214 2819 435 2904 superiorem.

260 2932 358 3018 Hesp.
377 2954 389 2998 :
415 2935 447 2998 I.
469 2931 520 2997 De
537 2933 623 3018 jure
646 2932 835 3014 communi,
861 2953 932 2996 non
955 2937 1049 2996 extat
1072 2936 1280 3019 praeeeptum
1302 2936 1341 2994 ut

215 3045 375 3128 clericus,
397 3052 583 3134 antequam
606 3051 848 3134 promoveatur
872 3045 915 3110 ad
934 3044 1088 3110 ordinem
1113 3044 1337 3133 superiorem,

216 3165 372 3225 exerceat
394 3159 603 3241 inferiorem,
627 3183 660 3226 v.
682 3183 731 3247 g.,
759 3159 984 3225 ministrando
1009 3158 1052 3224 ad
1076 3158 1182 3224 altare
1206 3157 1241 3222 in
1265 3181 1341 3222 mu-

215 3295 296 3338 nere
311 3273 476 3362 acolythi,
494 3273 708 3354 subdiaconi,
724 3273 868 3339 diaooni.
884 3273 1014 3338 -Hoc
1031 3272 1122 3338 enim
1134 3279 1341 3360 praeceptum

215 3386 338 3452 nullibi
363 3387 499 3475 legitur.
529 3385 721 3453 Concilium
747 3387 885 3475 quidem
910 3385 1016 3469 Trid,
1044 3385 1079 3452 in
1108 3385 1215 3452 relato
1239 3408 1341 3474 supra

217 3501 270 3589 (n.
294 3500 393 3590 108)
414 3523 487 3590 cap.
509 3500 676 3586 Minores,
700 3503 759 3583 II,
782 3523 867 3568 sess.
885 3499 1014 3584 XXIII,
1033 3501 1084 3566 Du
1105 3520 1191 3582 ann,
1209 3497 1341 3587 agendo

216 3613 259 3680 de
278 3613 455 3680 ordinibus
473 3613 678 3700 minoribuS,
695 3615 794 3705 jubet
812 3622 851 3682 ut
865 3638 930 3702 per
950 3622 1142 3702 temporum
1161 3614 1341 3680 interstitia

216 3727 445 3810 conserantur,
468 3755 484 3789 a
507 3736 546 3795 ut
569 3751 609 3795 eo
633 3730 839 3812 accuratius,
862 3735 1028 3817 quantum
1047 3729 1093 3794 sit
1112 3728 1215 3816 hujus
1239 3728 1342 3795 disci-

217 3841 318 3931 plinae
342 3843 493 3931 pondus,
514 3843 647 3932 possint
671 3843 820 3927 edoceri,
843 3867 881 3909 ac
902 3845 936 3909 in
958 3866 1160 3930 unoquoque
1185 3866 1340 3926 munere,

249 4059 258 4094 ¹
278 4061 389 4120 IIalIicr,
406 4061 456 4111 tce.
467 4060 523 4120 cit,
540 4077 566 4110 n.
578 4066 617 4122 29,
630 4062 682 4112 col.
694 4067 768 4123 1³⁶⁹}
780 4089 810 4100 -
826 4063 943 4126 nisano,
960 4063 1010 4112 loc.
1021 4061 1077 4120 cit,
1091 4077 1118 4112 n.
1130 4067 1155 4110 'II
1166 4075 1173 4122 ;
1184 4087 1214 4098 -
1225 4061 1341 4124 Fagnen,

216 4141 244 4188 In
259 4153 319 4203 cap.
334 4138 452 4188 Litteras
464 4141 568 4189 vestrae
582 4139 635 4204 (13,
647 4141 685 4190 De
701 4141 780 4205 temp.
794 4139 1172 4206 ordin.l,VesuntIonc,17lo,
1188 4141 1208 4188 t.
1220 4155 1236 4196 ι,
1248 4154 1275 4202 p.
1286 4144 1342 4188 339.

248 4217 261 4252 ¹
277 4217 308 4266 In
323 4231 418 4276 causa,
429 4231 510 4281 quam
525 4217 608 4268 refert
619 4218 735 4282 Fognan,
747 4219 775 4266 in
787 4232 846 4281 cap.
858 4218 901 4268 Ad
914 4219 1036 4268 nostram
1047 4217 1080 4282 (8,
1092 4218 1130 4266 De
1138 4215 1341 4281 Reqalariburp

218 4311 245 4344 n.
261 4299 305 4356 18,
321 4299 341 4346 t.
357 4311 388 4356 rr,
404 4310 431 4359 p.
447 4301 502 4344 3³1.
