3248 5052
403 485 447 535 DE
466 483 581 536 causts
600 487 793 538 NULLlTATlS
812 485 1049 537 onululrioms
1238 479 1288 536 603

164 627 233 693 lem
256 627 291 692 in
318 627 381 692 hac
407 625 701 715 Congregatione3
728 627 816 694 unde
843 628 989 715 legimus
1013 628 1048 692 in
1072 627 1211 712 Repulia
1235 627 1288 692 die

166 743 207 808 10
227 741 299 807 dec.
325 739 410 806 1881
431 741 569 807 statutis
589 743 703 828 quoad
720 745 809 829 jura
832 751 864 807 et
887 743 1113 807 emolumenta
1137 744 1289 826 defenso-

165 879 270 923 rum:
295 881 310 920 c
331 855 378 922 Ut
402 863 623 921 amoveantur
647 857 793 944 querelae
817 880 892 945 quae
916 879 984 921 non
1008 879 1083 921 raro
1108 863 1289 920 moventur

164 969 349 1059 apartibus
362 968 475 1058 quoad
485 971 563 1057 jura
578 955 806 1052 defensorum,
824 971 882 1060 qui
897 978 1004 1058 agunt
1018 993 1131 1035 coram
1147 970 1181 1036 S.
1201 969 1290 1034 Con·

163 1083 362 1172 gregatione
383 1083 527 1150 Concilii
546 1083 582 1148 in
601 1069 771 1172 agitandis
795 1087 906 1151 causis
931 1084 1154 1163 matrimonii,
1175 1106 1288 1148 caera-

164 1219 244 1262 rnm
273 1197 529 1262 ordinationum
556 1204 589 1262 et
613 1197 863 1285 professionum
882 1197 1104 1285 regularium,
1127 1204 1244 1274 etc...;
1272 1223 1287 1256 n

164 1317 352 1400 sequuntur
371 1334 497 1376 normae
517 1315 685 1378 statutae¹.

208 1427 245 1490 2⁰
276 1425 315 1491 ln
346 1425 458 1491 causis
492 1426 659 1492 nulliiatis
694 1427 935 1508 ordinationis,
969 1450 1010 1491 cn
1040 1427 1147 1512 capite
1178 1426 1225 1489 vis
1256 1434 1288 1488 ct

164 1549 288 1623 metus,
306 1563 497 1628 nunquam,
516 1541 627 1628 quoad
647 1541 732 1606 scire
751 1543 863 1631 potui,
881 1541 915 1607 S.
934 1539 1161 1628 Congregatio
1177 1539 1288 1604 decla·

162 1655 250 1720 ravit
269 1655 378 1742 ipsam
398 1654 646 1740 ordinationem
666 1679 740 1721 esse
759 1655 904 1738 nullam,
923 1656 1001 1744 quia
1015 1655 1193 1736 nimirum,
1210 1676 1286 1718 cum

162 1769 306 1835 intentio
322 1769 367 1834 sit
382 1791 435 1834 res
450 1769 595 1851 interna,
614 1769 683 1836 fere
699 1769 908 1858 impossibile
924 1777 976 1836 est
986 1769 1130 1858 juridice
1146 1766 1287 1855 probare

163 1883 300 1948 omnino
321 1882 468 1948 defuisse
487 1883 713 1948 intentionem
732 1884 775 1948 ad
799 1884 1045 1950 ordinationem
1071 1883 1291 1970 requisitam,

161 1996 218 2061 vel
237 1997 386 2062 adfuisse
405 1997 630 2062 intentionem
654 2005 849 2064 constanter
873 1998 1087 2064 contrariam.
1109 1995 1206 2062 Unde
1226 2019 1287 2083 po·
1355 2025 1357 2034 ¹

162 2112 230 2178 tius
261 2111 437 2176 consuevit
465 2111 499 2177 S.
531 2110 759 2200 Congregatio
790 2111 961 2177 declarare
995 2110 1189 2175 ordinatum
1219 2132 1287 2173 non

163 2225 270 2291 teneri
294 2223 453 2290 oneribus
475 2225 714 2307 ordinationiS,
736 2227 924 2313 praesertim
947 2225 1022 2312 lege
1047 2224 1284 2303 continentiar3

163 2338 254 2428 quod
281 2338 360 2404 fecit
388 2341 423 2404 in
450 2341 506 2406 eit.
538 2341 781 2424 Namurcensi,
812 2341 852 2406 10
879 2341 992 2405 martii
1020 2339 1126 2418 l'l3l;
1156 2338 1197 2403 ad
1224 2337 1287 2402 hoo

163 2461 277 2520 autem
300 2453 483 2542 requiritur
509 2461 547 2520 ut
570 2454 810 2520 concludenter
829 2453 993 2542 probatus
1013 2453 1059 2518 sit
1079 2459 1190 2517 metus
1209 2473 1287 2538 gra-

49 2569 54 2582 '
162 2569 215 2633 vis
248 2568 437 2633 ordinando
469 2568 595 2656 injuste
629 2569 802 2650 incussus,
837 2568 879 2634 ad
909 2569 973 2632 hoc
1004 2575 1042 2633 ut
1070 2567 1219 2655 patiatur
1251 2588 1287 2630 se

162 2682 322 2748 ordinari.

208 2797 243 2862 3ο
272 2796 361 2876 lmo,
393 2795 639 2862 recentioribus
667 2797 893 2885 temporibus,
920 2796 1020 2862 valde
1045 2795 1218 2860 difficilem
1251 2815 1287 2858 se

162 2909 290 2998 praebet
304 2909 338 2975 S.
358 2909 586 2997 Congregatio
599 2911 641 2975 ad
654 2911 895 2976 declarandum
910 2933 978 2975 non
994 2910 1097 2975 fuisse
1113 2915 1286 2974 contracta

162 3047 264 3089 onera
278 3046 381 3089 sacrae
393 3024 632 3106 ordinationis;
646 3024 732 3090 solet
744 3025 870 3113 potius,
884 3025 1017 3114 quoties
1030 3025 1196 3110 tantisper
1207 3021 1286 3087 defi-

163 3138 229 3202 ciat
239 3137 385 3225 juridica
397 3137 552 3226 probatio
564 3140 679 3224 gravis
692 3147 816 3221 metus,
829 3139 1004 3203 consulere
1016 3140 1115 3204 Rom.
1130 3135 1287 3202 Pontifici

162 3257 200 3316 ut
214 3251 378 3316 concedat
393 3251 683 3339 dispensationem
696 3277 715 3318 a
732 3253 915 3319 contractis
929 3251 1088 3318 oneribus
1102 3249 1286 3316 ordinatio-

162 3367 216 3430 nis
231 3366 332 3452 juxta
346 3366 433 3431 hanc
452 3375 569 3431 notam
590 3367 792 3433 formulam:
810 3368 868 3431 An
882 3369 926 3432 sit
945 3368 1189 3432 consulendum
1202 3364 1287 3429 San-

162 3481 309 3544 ctissimo
319 3503 386 3566 pro
399 3481 643 3566 dispensatione
654 3482 697 3546 ab
710 3483 869 3546 oneribus
882 3483 1061 3546 contractis
1067 3499 1080 3562 ,·
1092 3481 1139 3544 sic
1152 3479 1287 3566 dispen-

154 3594 330 3659 sationem
343 3594 586 3659 consulendam
599 3596 730 3661 censuit
741 3595 775 3660 in
785 3597 1013 3681 Brigantiam,
1024 3595 1063 3660 13
1076 3619 1152 3682 aug.
1169 3594 1253 3660 1870
1262 3598 1282 3659 ³.

164 3716 260 3780 Hanc
271 3723 384 3781 autem
396 3715 684 3805 dispensationem
696 3717 807 3783 renuit
817 3717 852 3781 in
862 3718 1020 3800 Pinnem,
1032 3716 1074 3782 28
1080 3717 1155 3804 julii
1165 3720 1178 3780 1
1187 3716 1283 3796 866³3

194 3975 201 4008 ¹
220 3975 288 4024 Vide
309 3978 413 4024 textum
434 3975 555 4025 italicum
575 3977 647 4040 apud
668 3977 799 4040 Parayre,
820 3977 856 4025 La
879 3977 1081 4042 Conqrepntion
1104 3977 1140 4026 du
1163 3976 1285 4034 Concita,

164 4053 253 4112 Pane,
270 4057 343 4112 incr,
360 4069 386 4116 p.
401 4057 455 4101 ua.

195 4132 205 4166 ¹
226 4131 381 4180 Thesaurus
395 4131 420 4179 S.
438 4131 465 4180 C.
483 4133 521 4190 G,
539 4135 558 4182 t.
575 4148 665 4191 cxxix,
682 4148 708 4195 p.
729 4137 854 4192 sto-⁴033
870 4134 939 4182 hanc
954 4148 1062 4182 causum
1079 4133 1198 4182 breviter
1212 4134 1286 4182 exhi-

163 4209 232 4258 bent
246 4211 313 4258 Acta
327 4209 352 4258 S.
368 4211 458 4268 Sedis,
477 4214 496 4260 t.
514 4227 553 4270 vr,
570 4227 596 4274 p.
613 4214 695 4260 iio-al.

195 4289 206 4322 ³
226 4288 395 4346 Thesaurus,
412 4293 431 4339 t.
447 4305 524 4350 cxxv,
541 4305 567 4353 p.
583 4294 711 4348 270-2'19;
730 4317 756 4324 —
770 4291 837 4339 Acta
851 4289 876 4340 S.
892 4290 981 4350 Sedis,
999 4294 1018 4340 t.
1036 4307 1066 4350 n,
1084 4307 1109 4353 p.
1127 4294 1247 4339 113-151.
