3290 5060
276 517 320 565 DE
339 514 527 565 ORDlNARlO
545 516 585 564 ΕΤ
604 515 764 565 LEGl'l'lllO
782 514 1020 565 onurnlrlonls
1040 514 1199 566 MlNlSTltO
1251 511 1300 564 {0³

178 659 227 724 Dr
250 679 529 739 susemmonmm,
554 681 589 723 n.
612 659 659 725 3:
686 685 701 719 α
725 658 991 746 suspensionem
1016 681 1077 746 per
1105 681 1232 724 annum
1258 657 1301 723 ab

175 773 333 838 ordinum
364 773 659 838 administratione
689 773 764 861 ipso
788 772 865 860 jure
896 772 1074 838 incurrunt
1103 773 1301 838 ordinantes

175 887 324 952 alienum
342 887 519 952 subditum
533 889 636 952 ctiam
654 887 719 952 sub
733 895 903 973 praetextu
919 889 1071 973 beneficit
1089 889 1205 952 statim
1225 910 1301 952 con—

175 1004 326 1086 serendi,
347 1010 407 1068 aut
426 1003 499 1091 jam
524 1001 655 1080 collati,
682 1001 742 1066 sed
766 1001 904 1066 minime
929 1001 1145 1084 sufficientis,
1173 1002 1300 1091 absque

175 1118 250 1204 ejus
270 1117 421 1204 episcopi
439 1117 564 1182 litteris
583 1115 878 1181 dimissorialibus.
899 1144 914 1176 o
934 1116 1044 1195 Unde,
1062 1117 1106 1181 ad
1124 1117 1301 1182 vitandam

176 1233 453 1319 suspensionem,
475 1231 601 1296 sufficit
624 1230 826 1296 beneficium
849 1253 924 1296 esse
947 1231 1110 1296 collatum
1118 1250 1133 1314 ,⁰
1156 1231 1232 1313 sed,
1258 1232 1301 1298 ad

176 1347 354 1412 vitandum
373 1353 562 1434 peccatum,
583 1345 767 1433 requiritur
785 1347 889 1410 etiam
907 1353 946 1412 ut
965 1346 1010 1410 sit
1023 1368 1227 1431 possessum.

220 1461 259 1525 B.
277 1461 323 1526 Ut
342 1459 545 1526 heneficium
568 1461 615 1525 sit
633 1462 773 1546 pacifice
796 1457 1010 1548 possessum,
1032 1461 1080 1525 ita
1102 1467 1142 1525 ut
1165 1483 1233 1525 non
1257 1461 1302 1526 sit

174 1575 216 1639 lis
243 1599 345 1663 super
368 1575 574 1663 proprietate
600 1574 674 1660 ejus
701 1581 759 1639 aut
784 1575 1019 1662 possessione;
1044 1581 1179 1640 constat
1202 1581 1301 1639 textu

173 1689 294 1755 relato.

219 1803 259 1869 C.
284 1805 330 1870 Ut
349 1803 552 1870 beneficium
573 1803 618 1868 sit
638 1803 717 1868 talis
739 1803 868 1868 reditus
882 1811 937 1885 ut,
955 1805 1114 1868 detractis
1129 1803 1299 1887 oneribus,

173 1941 213 1982 su
233 1919 328 2002 ficiat
356 1919 403 1983 ad
428 1940 616 2003 conpruam
642 1917 716 1981 vitae
742 1919 1036 2003 sustentationem,
1060 1917 1159 2003 juxta
1186 1923 1301 1982 taxam

174 2033 377 2121 synodalem
396 2039 455 2098 aut
478 2055 607 2098 morem
630 2032 795 2120 regionis,
816 2039 855 2098 ut
875 2032 999 2097 dicitur
1022 2033 1063 2096 dc
1085 2032 1184 2096 titulo
1208 2032 1302 2096 ordi-

175 2149 344 2230 nationis,'
361 2153 497 2212 constat
519 2148 622 2212 etiam
646 2153 742 2212 textu
766 2147 883 2212 citato.
904 2145 1002 2211 —Si
1022 2146 1098 2234 quis
1122 2145 1302 2235 episcopus

173 2262 309 2327 ordinet
346 2262 507 2326 clericum
543 2261 674 2326 ratione
711 2259 867 2325 beneficii
905 2261 1043 2325 minime
1079 2261 1298 2346 sufficientis,

174 2375 317 2440 incurrit
336 2375 611 2462 suspensionem,
633 2375 675 2439 dc
694 2397 761 2462 qua
785 2373 872 2462 agit,
894 2374 929 2438 in
953 2381 1050 2439 textu
1073 2397 1153 2437 mox
1177 2373 1297 2454 relato,

174 2489 267 2556 bulla
298 2491 501 2576 Apostolicae
528 2489 635 2554 Sedis.
665 2529 708 2537 -
733 2487 834 2568 Quod
860 2489 906 2571 si,
933 2495 972 2553 ut
997 2489 1196 2576 plerumque
1222 2487 1297 2569 fiet,

173 2613 250 2670 taxa
271 2605 445 2686 dioecesis,
468 2605 503 2668 iu
522 2627 589 2693 qua
608 2603 751 2669 clericus
769 2603 971 2669 heneficium
990 2602 1105 2684 habet,
1127 2602 1261 2666 differat
1280 2625 1299 2666 a

171 2727 249 2785 taxa
280 2719 452 2799 dioecesis,
475 2720 509 2783 in
530 2743 597 2807 qua
624 2719 834 2783 domicilium
857 2717 966 2799 lovel,
987 2715 1117 2782 reditus
1144 2716 1299 2782 beneficii

171 2834 393 2922 computandi
421 2841 502 2898 suut
524 2833 625 2920 juxta
652 2840 768 2898 taram
797 2832 953 2898 dioecesis
980 2831 1151 2912 beneficii,
1180 2833 1209 2896 si
1238 2832 1299 2896 hoc

172 2949 328 3034 requirat
355 2937 571 3013 residentiam
596 2949 808 3030 continuam,
836 2947 916 3036 quia
941 2971 1063 3035 nempe
1090 2946 1137 3011 ibi
1163 2952 1298 3011 susten-

169 3063 296 3127 tandus
311 3062 376 3128 erit
391 3062 552 3144 clericus3
574 3063 698 3128 sivero
713 3061 914 3127 heneficium
931 3085 997 3128 non
1011 3064 1057 3126 sit
1072 3061 1294 3144 residentiale,

168 3175 392 3265 computandi
411 3183 510 3241 erunt
525 3176 625 3264 juxta
643 3183 759 3242 taxum
780 3177 937 3242 dioecesis
956 3177 1130 3242 domicilii.
1149 3175 1201 3241 lta
1220 3174 1296 3263 plu-

167 3291 235 3356 ries
254 3292 292 3357 S.
315 3290 442 3378 Congr.
464 3291 586 3373 Conc,
607 3315 641 3356 v.
659 3313 708 3377 g.,
730 3292 765 3355 in
789 3291 967 3376 Aleti-ina,
988 3292 1010 3358 s
1030 3291 1108 3380 julii
1129 3289 1233 3372 {7013
1261 3291 1296 3354 in

168 3407 381 3492 Ariminum,
401 3407 441 3473 lo
456 3407 529 3494 jan.
549 3405 653 3486 {7083
672 3408 706 3470 in
726 3407 890 3490 Romana,
909 3407 950 3472 27
971 3407 1051 3471 maii
1069 3406 1193 3487 1713¹;
1211 3427 1296 3493 quas

167 3522 397 3587 resolutiones
416 3529 554 3586 secutus
577 3527 630 3586 est
649 3519 869 3587 Innocentius
888 3520 986 3603 Xlll,
1007 3521 1043 3586 in
1067 3527 1176 3586 const.
1200 3521 1295 3606 Apo-

167 3637 278 3700 stolici
299 3637 495 3717 ministerii,
519 3636 559 3700 13
579 3635 659 3700 maii
681 3633 782 3714 1723,
804 3640 821 3721 ξ
841 3637 860 3702 'l
882 3636 959 3723 (pro
980 3635 1093 3721 regnis
1114 3634 1295 3721 Hispania-

167 3773 244 3815 rum
263 3751 449 3838 tantum)².

214 3866 257 3930 Ι).
274 3865 428 3930 'landem
451 3864 633 3952 requiritur
656 3871 694 3928 ut
717 3863 918 3930 beneficium
937 3887 1003 3951 per
1025 3888 1058 3928 se
1081 3866 1233 3951 sufficiat
1252 3865 1294 3930 ad

200 4096 208 4128 ¹
228 4094 285 4142 llas
299 4093 482 4143 resolutiones
494 4094 576 4142 relcrt
586 4094 749 4144 Benedictus
760 4095 832 4154 XIV,
844 4095 1005 4160 Dcsynotlo,
1018 4095 1064 4144 lib.
1077 4095 1137 4152 xn,
1150 4112 1172 4142 c.
1185 4113 1218 4154 ix,
1231 4112 1256 4142 n.
1269 4101 1292 4144 2.

199 4173 300 4224 ’suu
314 4173 401 4229 Rom..
418 4175 438 4221 t.
454 4189 493 4230 xi,
509 4177 579 4238 part.
595 4173 635 4233 ll,
650 4189 676 4236 p.
692 4179 747 4221 260.
763 4165 795 4212 -Ι
809 4174 886 4223 Hanc
905 4175 1006 4224 bullam
1026 4177 1059 4224 de
1074 4175 1158 4223 verbo
1178 4175 1212 4222 ad
1231 4189 1291 4222 rer*

168 4253 233 4301 bum
248 4253 344 4312 retulit
358 4255 387 4300 et
401 4251 572 4301 confirmavit
587 4253 666 4316 (item
682 4269 731 4316 pro
747 4253 885 4316 Hispaniis
899 4253 1020 4318 tantum)
1034 4255 1198 4302 Benedictus
1214 4251 1291 4310 xm,

167 4331 195 4378 in
210 4345 256 4380 sua
269 4336 359 4380 const.
374 4331 406 4380 lu
418 4345 554 4393 supremo,
570 4337 599 4379 23
615 4335 684 4394 sept.
700 4337 773 4390 tran
791 4332 863 4382 Bult.
878 4333 962 4390 floria,
978 4335 998 4381 t.
1015 4348 1059 4390 xn,
1075 4349 1101 4395 p.
1119 4348 1194 4379 mxu.
