3248 5052
308 417 361 471 620
665 420 709 468 DE
728 418 833 468 SACRA
851 417 1078 468 ouulslltous

308 559 500 622 domicilium
516 582 579 622 non
595 561 772 636 habentem,
790 560 863 620 solis
878 560 975 642 ipsius
991 559 1159 642 superioris
1174 557 1434 618 dimissorialibus

309 657 406 716 literis
430 665 612 730 contentus,
636 658 702 717 sine
727 657 873 738 adjuncta
898 656 1026 738 praefata
1050 656 1250 716 attestatione
1275 655 1306 713 in
1329 655 1432 715 forma

308 753 469 834 probanti,
493 753 531 814 ad
554 753 678 813 ordines
704 773 888 834 promovere
910 753 1159 834 praesumpserit,
1185 751 1379 812 decernimus
1401 759 1435 810 et

307 850 501 910 declaramus
516 850 599 910 hunc
614 849 682 932 ipso
698 849 781 910 lacto
801 850 958 910 incurrere
974 850 1005 908 in
1021 869 1129 930 poenas
1143 848 1308 908 canonicas
1323 847 1434 906 adver-

308 969 360 1007 sus
380 967 434 1006 eos
452 947 655 1021 constitutas,
672 947 726 1027 qui
747 946 883 1006 alienum
902 945 1061 1006 subditum
1083 945 1229 1024 legitimis
1248 943 1434 1004 dimissoriis

306 1043 492 1103 destitutum
507 1043 731 1104 ordinaverint.

348 1139 616 1208 Quemadmodum
641 1161 716 1200 vero
742 1161 850 1200 eorum
875 1139 1027 1199 Ordinum
1054 1137 1242 1217 regularium
1269 1136 1434 1217 privilegia

308 1235 396 1296 firma
411 1244 443 1295 et
458 1243 523 1295 rata
538 1257 604 1295 esse
620 1237 781 1310 volumus,
798 1236 912 1318 quibus
931 1235 970 1296 ab
989 1235 1160 1317 apostolica
1180 1231 1259 1293 Sede
1278 1235 1435 1313 reperitur

307 1329 480 1406 indultum,
497 1339 654 1392 uteorum
674 1333 790 1394 alumni
811 1332 984 1414 aquolibet
1003 1331 1156 1392 catholico
1177 1331 1315 1390 antistite
1334 1329 1434 1410 ipsius

308 1427 395 1487 Sedis
414 1429 544 1506 gratiam
560 1437 594 1488 et·
605 1427 857 1490 communionem
877 1428 1010 1488 habente
1030 1427 1166 1489 ordinari
1186 1427 1326 1498 valeant,
1342 1426 1433 1485 dum-

308 1523 401 1583 modo
416 1523 595 1605 hujusmodi
612 1525 771 1605 privilegia
788 1533 859 1606 post
873 1525 1089 1586 Tridentinum
1110 1523 1293 1594 concilium,
1310 1530 1341 1582 et
1356 1522 1433 1602 ipsis

308 1619 478 1680 Ordinibus
493 1621 677 1681 nominatim
694 1631 787 1704 atque
802 1622 935 1700 directe,
953 1643 1014 1682 non
1030 1629 1133 1680 autem
1150 1641 1206 1702 per
1219 1619 1433 1679 communica-

307 1716 435 1790 tionem,
451 1738 596 1778 concessa
613 1719 627 1776 l
629 1719 747 1792 uerint;
762 1719 803 1778 ita
820 1739 913 1799 porro
929 1718 1032 1778 omnia
1048 1717 1159 1776 similia
1174 1716 1345 1796 privilegia,
1360 1737 1432 1795 quac

307 1811 373 1871 aliis
395 1811 564 1874 Ordinibus
587 1823 659 1874 ante
683 1815 845 1895 praelatum
870 1815 1036 1874 concilium
1058 1813 1275 1872 Tridentinum
1300 1811 1338 1870 ab
1363 1811 1433 1890 ipsa

306 1909 398 1967 etiam
419 1910 589 1988 apostolica
605 1911 684 1970 Sede
699 1919 731 1970 et
745 1911 802 1971 sub
817 1911 1065 1992 quibuscumque
1083 1909 1243 1970 tenoribus
1259 1915 1290 1967 et
1305 1908 1430 1978 lormis,

306 2004 426 2064 indulta
446 2006 523 2078 sint,
546 2008 594 2067 vel
615 2009 707 2067 etiarn
729 2015 799 2089 post
819 2009 920 2088 ipsum
942 2007 1108 2068 concilium
1132 2027 1193 2066 non
1216 2005 1290 2086 ipsis
1312 2004 1432 2064 directe

306 2122 469 2176 concessa,
487 2103 539 2162 sed
556 2125 609 2184 per
628 2105 942 2165 communicationem
962 2104 1000 2164 ad
1020 2125 1072 2164 eos
1092 2111 1219 2162 extensa
1238 2123 1306 2162 esse
1325 2101 1431 2160 dican-

306 2205 368 2270 tur,
384 2198 494 2258 iisdem
510 2201 695 2260 auctoritate
711 2209 742 2260 et
762 2209 884 2275 tenore,
902 2201 987 2260 nulla
1002 2209 1033 2259 et
1052 2200 1139 2259 irrita
1159 2199 1306 2278 omnique
1321 2198 1431 2276 vigore

306 2313 341 2352 ac
357 2295 468 2354 robore
483 2295 521 2380 ad
542 2297 702 2370 ellectum,
719 2297 757 2356 de
772 2319 836 2377 quo
850 2299 963 2376 agitur,
981 2297 1104 2378 penitus
1119 2295 1268 2356 destituta
1284 2303 1315 2354 et
1331 2315 1430 2353 vacua

306 2411 371 2449 esse
398 2391 542 2452 volumus
570 2401 601 2452 ct
624 2394 800 2454 statuimus
828 2395 1037 2454 Deccruentes
1062 2391 1241 2473 hujusmodi
1266 2391 1428 2471 privilegia

306 2508 501 2568 nequaquam
518 2497 588 2569 post
603 2489 768 2549 concilium
784 2491 1001 2550 Tridentinum
1015 2488 1135 2548 indulta
1148 2489 1278 2559 censeri,
1293 2487 1363 2559 nisi,
1378 2487 1429 2546 vel

305 2591 375 2663 post
395 2584 492 2664 ipsius
510 2586 633 2645 concilii
653 2587 920 2646 confirmationem
936 2587 1035 2666 reipsa
1051 2585 1168 2645 luerint
1182 2605 1342 2656 concessa,
1360 2584 1427 2654 vel,

304 2688 458 2759 quatenus
472 2689 563 2742 antea
579 2703 725 2742 concesse
739 2690 770 2742 et
786 2683 941 2762 posterius
956 2682 1139 2742 confirmata
1154 2702 1220 2740 esse
1235 2688 1426 2752 asserantur,

304 2775 483 2855 hujusmodi
499 2779 750 2838 confirmationes
766 2779 797 2837 in
816 2778 920 2859 forma
936 2778 1083 2860 specifica
1098 2798 1168 2836 cum
1185 2777 1297 2836 literali
1313 2777 1430 2835 veteris

303 2870 415 2930 indulti
430 2873 610 2947 insertione,
625 2876 754 2956 ejusque
767 2896 912 2955 expressa
926 2875 1125 2934 innovatione
1140 2873 1229 2933 lactae
1242 2873 1429 2948 dignoscan-

304 2975 370 3041 tur;
386 2990 422 3028 ac
435 2970 628 3031 declarantes
643 2971 770 3032 alterius
783 2972 905 3050 generis
920 2971 1187 3042 confirmationes,
1199 2991 1269 3051 quac
1283 2971 1313 3028 in
1328 2969 1429 3028 lorma

303 3067 460 3125 communi
489 3077 723 3149 nuncupantur,
752 3069 866 3128 nemini
896 3067 933 3127 ad
963 3066 1157 3148 praemissum
1186 3069 1329 3125 ellectum
1363 3066 1431 3127 ullo

303 3169 394 3242 pacto
410 3165 583 3242 suffragari.
602 3165 691 3232 Quod
707 3185 780 3224 vero
796 3171 915 3244 spectat
930 3164 967 3224 ad
989 3164 1170 3224 eorumdem
1191 3163 1429 3243 privilegiorum

303 3279 392 3330 usum
409 3267 439 3318 et
454 3261 651 3335 exercitium,
669 3261 816 3321 monendi
832 3270 904 3320 sunt
918 3261 954 3335 ii,
972 3261 1086 3342 quibus
1101 3260 1224 3332 eadem,
1238 3261 1329 3340 juxta
1349 3280 1431 3340 prae-

303 3356 410 3428 missa,
437 3357 529 3436 pleno
550 3358 620 3438 jure
645 3365 823 3438 competere
849 3358 1087 3436 dignoscuntur,
1112 3365 1146 3416 ut
1171 3377 1231 3416 non
1255 3357 1320 3414 sine
1340 3355 1431 3436 justa

301 3472 394 3511 causa
418 3474 475 3512 nec
504 3462 591 3513 extra
618 3454 738 3514 debitas
763 3454 1012 3514 circumstantias
1039 3475 1096 3534 pro
1123 3453 1212 3512 libito
1237 3453 1311 3532 ipsis
1336 3460 1431 3512 utan-

302 3556 363 3620 tur,
395 3549 520 3608 minime
548 3571 623 3609 vero
650 3551 687 3610 ad
719 3550 937 3610 ostentandam
965 3549 1128 3609 dumtaxat
1160 3549 1298 3629 ipsorum
1328 3549 1429 3628 privi-

302 3644 452 3724 legiorum
483 3647 747 3726 singularitatem,
782 3646 1045 3728 quemadmodum
1084 3645 1240 3726 aliquibus
1274 3646 1304 3704 in
1337 3666 1430 3705 more

301 3743 436 3822 positum
467 3765 533 3802 esse
560 3733 705 3803 novimus
729 3744 782 3822 qui
808 3743 907 3823 pridie
932 3741 1014 3801 illius
1036 3743 1096 3801 diei
1126 3763 1189 3822 quo
1215 3743 1253 3801 ab
1276 3741 1429 3822 episcopo

300 3839 476 3898 dioecesano
511 3840 696 3899 clericorum
735 3839 946 3898 ordinationes
979 3839 1104 3918 publice
1142 3838 1293 3898 habendae
1331 3847 1427 3910 sunt,

299 3936 338 3996 ad
363 3935 492 3996 alterius
512 3937 649 4017 episcopi
674 3936 834 3995 dioecesim
856 3935 1001 3995 consulto
1019 3936 1169 4013 migrant,
1194 3955 1329 4016 moxque
1357 3956 1429 3994 sus-

299 4041 390 4112 cepto
414 4033 529 4092 ibidem
559 4033 765 4092 ordinationis
794 4053 937 4106 munere,
970 4030 1008 4090 ad
1036 4031 1202 4111 pristinum
1228 4030 1426 4090 domicilium

298 4129 449 4204 redeunt;
476 4129 570 4210 idque
589 4149 629 4188 -se
654 4129 755 4190 lacere
780 4129 878 4200 aiunt,
910 4136 944 4187 ut
963 4128 1081 4209 jurium
1106 4149 1234 4188 suorum
1268 4127 1426 4186 indemni-

299 4225 355 4286 tati
386 4227 573 4302 consulant;
599 4227 687 4307 quasi
712 4246 787 4284 vero
811 4225 982 4305 apostolica
1007 4225 1169 4303 privilegia
1197 4225 1321 4283 nonnisi
1350 4246 1424 4284 cum
