3300 5056
349 507 401 562 260
615 507 660 558 DE
678 505 818 558 LEGIBUS
837 505 951 556 SACRAE
970 503 1208 556 ORDINATIONIS

349 653 399 720 uti
418 651 537 741 nequit
560 673 640 738 erga
664 649 819 715 subditos
843 649 985 734 alienos,
1007 647 1110 726 etiam
1132 647 1298 714 habentes
1319 646 1479 736 proprio-

349 789 425 833 rum
449 763 704 833 Ordinariorum
726 763 949 830 dimissorias.
974 761 1075 830 Ratio
1100 767 1153 828 est
1176 761 1342 851 quiahoc
1366 761 1480 826 indul-

351 889 424 948 tum
451 879 591 946 concedi
617 879 707 945 solet
735 878 902 968 episcopis
927 901 994 964 pro
1023 877 1213 942 necessitate
1239 883 1301 941 aut
1330 877 1479 942 utilitate

346 996 496 1084 propria
510 993 678 1077 dioecesis,·
691 993 781 1058 unde
801 1014 898 1057 mens
912 991 1130 1057 concedentis
1150 998 1203 1057 est
1221 997 1260 1055 ut
1278 1013 1347 1055 non
1361 990 1479 1056 valeat

350 1109 417 1176 nisi
439 1131 501 1198 pro
525 1107 743 1189 dioecesanis‚
770 1113 804 1172 et
828 1106 904 1172 ideo
928 1107 965 1173 S.
994 1105 1120 1193 Congr.
1150 1104 1401 1193 Inquisitionis,
1432 1103 1476 1168 ab

351 1223 509 1312 episcopo
523 1222 709 1287 Viennensi
723 1221 952 1308 interrogata:
970 1247 986 1282 «
1000 1218 1177 1298 Quomodo
1192 1218 1340 1306 intelligi
1354 1217 1477 1284 debeat

351 1337 583 1428 paragraphus
604 1335 662 1418 13,
684 1335 720 1400 in
743 1333 964 1400 facultatibus
987 1334 1059 1400 suis
1082 1333 1237 1399 formulae
1261 1333 1310 1398 lll
1333 1339 1476 1398 conten-

349 1459 423 1534 tus,
458 1473 583 1516 sonans
616 1449 799 1514 ordinandi
835 1456 932 1513 estre
966 1456 1140 1535 tempora,·
1171 1455 1287 1513 utrum
1321 1447 1476 1512 ordinare

349 1567 459 1656 possit
477 1587 709 1655 quoscumque
728 1565 829 1628 etiam
849 1563 990 1628 alterins
1003 1563 1150 1628 dioecesis
1168 1563 1295 1651 absque
1314 1583 1474 1649 expresso

349 1687 481 1754 indulto
495 1685 695 1774 apostolico,
712 1712 728 1746 »
742 1683 939 1774 respondit:
955 1711 972 1746 «
985 1685 1165 1772 Negative‚
1181 1683 1249 1752 »31
1264 1683 1344 1749 maii
1355 1681 1473 1750 17081.

348 1841 393 1852 -
412 1801 613 1889 Excipitur:
634 1823 665 1864 e.
689 1797 725 1866 Si
745 1798 938 1888 specialiter
956 1799 1115 1887 episcopo
1135 1821 1336 1864 concessum
1355 1797 1472 1880 luerit,

348 1923 388 1982 ut
406 1915 540 1981 indulto
557 1913 609 1979 uti
628 1913 738 2002 possit
761 1913 864 1980 etiam
884 1935 964 2000 erga
988 1913 1133 1996 alienos,
1155 1919 1194 1978 ut
1213 1911 1395 2001 aliquando
1414 1912 1471 1988 fit:

347 2068 392 2081 -
410 2030 445 2097 h.
467 2028 503 2094 Si
522 2029 682 2117 episcopo
706 2027 912 2093 concedatur
934 2027 1122 2110 indultum,
1144 2049 1213 2092 non
1235 2027 1367 2092 ratione
1389 2025 1476 2091 dioe-

349 2143 448 2224 cesis,
471 2141 532 2206 sed
549 2142 680 2207 ratione
699 2164 864 2230 personae,
885 2147 924 2206 ut
943 2141 973 2206 si
991 2141 1196 2238 concedatur
1214 2140 1372 2229 episcopo
1391 2141 1476 2206 titu-

346 2258 422 2324 lari.
446 2295 493 2306 -
515 2257 548 2323 2.
577 2255 765 2345 Episcopus
791 2256 849 2344 qui
876 2255 998 2322 fruitur
1020 2256 1161 2345 praefato
1184 2255 1335 2337 indulto,
1361 2263 1476 2344 potest

348 2372 548 2459 cuicumque
577 2369 714 2436 subdito
743 2393 805 2435 suo
834 2369 986 2436 conferre
1015 2371 1150 2436 ordines
1178 2377 1274 2436 extra
1301 2375 1472 2458 tempora,

348 2486 420 2552 sive
442 2508 504 2574 per
532 2508 585 2566 se,
615 2484 687 2549 sive
716 2507 776 2573 per
804 2484 912 2550 alium
941 2485 1144 2571 episcopum.
1173 2485 1274 2551 Ratio
1298 2491 1351 2552 est
1377 2485 1472 2574 quia,

343 2601 444 2688 juxta
468 2599 637 2688 Regulam
661 2597 703 2664 68
728 2599 819 2664 Juris
844 2599 879 2663 in
903 2598 976 2666 VI:
1001 2626 1017 2661 α
1041 2600 1158 2666 Potest
1181 2601 1258 2689 quis
1281 2623 1345 2690 per
1370 2601 1475 2666 alium

348 2715 440 2804 quod
458 2719 572 2803 potest
591 2713 700 2778 lacere
719 2735 779 2801 per
798 2712 964 2802 seipsum,
984 2739 1001 2775 >i
1023 2714 1090 2779 nisi
1109 2714 1266 2803 specialis
1286 2721 1476 2803 apponatur

349 2828 520 2918 excepti03
538 2849 638 2916 porro
658 2825 830 2892 indultum
844 2836 941 2893 extra
957 2835 1108 2914 tempora
1127 2852 1196 2894 non
1212 2829 1363 2895 continet
1377 2851 1475 2894 exce-

348 2944 500 3032 ptionem
530 2941 679 3031 praelatui
708 2941 853 3028 regulae;
880 2965 948 3006 non
975 2943 1066 3007 enim
1090 2944 1184 3032 cogit
1209 2944 1405 3031 episcopum
1431 2941 1475 3008 ad

350 3056 571 3122 conferendos
594 3055 730 3120 ordines
752 3077 813 3142 per
833 3078 869 3120 se
892 3055 1020 3144 ipsum,
1043 3057 1104 3122 sed
1121 3064 1255 3124 tanturn
1279 3057 1370 3123 tollit
1390 3056 1474 3121 obli-

349 3171 521 3258 gationem
536 3168 731 3235 conserendi
745 3168 880 3234 ordines
897 3171 1019 3236 debitis
1034 3173 1254 3258 temporibus.
1270 3209 1316 3223 -
1330 3171 1362 3238 3.
1377 3171 1474 3237 Unde

350 3285 469 3366 etiam,
491 3285 520 3348 si
539 3283 695 3374 proprius
715 3281 873 3348 subditus
892 3284 989 3370 sitin
1008 3284 1290 3369 dioecesialiena,
1312 3310 1344 3351 V.
1368 3309 1417 3374 g.‚
1439 3285 1474 3350 in

352 3398 465 3488 aliquo
485 3398 677 3480 seminario,
695 3404 809 3486 potest
822 3398 979 3487 proprius
997 3400 1189 3489 episcopus,
1208 3399 1324 3467 fruens
1342 3399 1473 3465 indulto

351 3521 449 3580 extra
473 3521 641 3598 tempore,
661 3512 847 3578 concedere
870 3511 1006 3578 subdito
1031 3537 1092 3580 suo
1116 3522 1155 3581 ut
1179 3515 1320 3602 recipiat
1338 3515 1475 3580 ordines

353 3626 395 3692 ab
414 3627 573 3716 episcopo
593 3625 694 3714 hujus
713 3625 831 3692 alienae
846 3625 1013 3710 dioecesis‚
1031 3628 1101 3717 qui,
1118 3627 1154 3694 vi
1172 3629 1307 3712 indulti,
1324 3628 1475 3694 conserat

352 3739 488 3808 ordines
513 3747 608 3806 extra
631 3747 797 3828 tempora.
820 3740 921 3806 Ratio
940 3742 1091 3832 estquis
1110 3743 1282 3810 concessio
1302 3743 1476 3833 dispensa-

351 3855 457 3922 tionis
480 3855 537 3920 vel
560 3853 729 3942 delegatio
753 3853 796 3920 ad
819 3855 1071 3922 concedendam
1094 3857 1398 3946 dispensationem,
1425 3865 1477 3924 est

354 3975 451 4037 actus
469 3967 669 4034 voluntariae
679 3965 927 4055 jurisdictionis
942 3993 1044 4060 quem
1059 3969 1237 4061 episcopus
1252 3979 1365 4062 potest
1379 3995 1478 4039 exer-

354 4107 430 4152 cere
448 4089 544 4150 extra
562 4081 749 4148 dioecesim.
767 4081 968 4172 Excipitur:
987 4083 1062 4150 Nisi
1080 4085 1116 4152 in
1135 4085 1267 4155 indulto
1286 4086 1479 4177 specialiter

386 4321 395 4356 ¹
414 4321 524 4372 collect.
539 4317 565 4369 S.
582 4318 611 4369 C.
624 4315 657 4368 de
671 4316 753 4382 Prop.
766 4315 844 4377 Fide,
861 4334 887 4369 n.
901 4323 975 4381 1186,
991 4335 1017 4384 p.
1033 4323 1087 4373 tot.
