3248 5052
674 453 875 506 DOCUMENTA
1284 447 1334 500 629

213 615 303 654 suum
319 597 466 656 amittunt
481 596 623 668 titulum,
643 617 678 656 ae
694 596 732 655 de
748 595 808 655 alio
822 595 879 654 sibi
895 594 1060 674 providere
1076 593 1205 666 debent;
1222 593 1245 652 si
1262 613 1335 672 vero

213 691 340 752 alterius
356 692 510 751 missionis
526 692 653 751 servitio
664 692 866 772 deputantur,
880 699 914 750 ut
929 690 1023 771 hujus
1040 690 1193 748 missionis
1210 688 1335 748 titulum

213 795 388 859 assumant,
410 809 488 848 nova
510 808 588 867 opus
604 789 663 848 erit
678 789 709 848 S.
727 789 814 848 Sedis
834 787 1047 858 eoncessione;
1064 807 1166 866 neque
1190 786 1270 844 enim
1293 785 1343 842 eis

213 885 401 962 suffragatur
414 884 556 956 lacultaS,
570 885 698 965 siquam
714 885 885 944 obtinuerit
895 883 962 963 ejus
975 883 1129 942 missionis
1140 881 1334 952 OrdinariuS,

213 989 386 1040 memorato
402 981 493 1040 titulo
509 981 637 1040 clericos
652 981 827 1040 ordinandi.

256 1076 302 1136 14.
334 1076 489 1136 Ordinarii
519 1077 549 1136 in
579 1077 778 1137 missionibus
808 1083 936 1136 utantur
966 1095 1059 1156 opera
1090 1075 1215 1133 illorum
1244 1074 1336 1132 etiam

214 1173 427 1244 sacerdotum,
444 1173 497 1253 qui
518 1174 585 1232 aliis
605 1173 703 1233 titulis
724 1173 762 1234 ad
782 1193 886 1232 sacros
906 1171 1031 1230 ordines
1051 1170 1177 1230 admissi
1193 1171 1335 1242 luerunt,

214 1270 343 1329 servatis
359 1269 396 1328 de
413 1269 484 1350 jure
500 1269 679 1343 servandis3
697 1291 796 1350 neque
812 1269 894 1328 enim
910 1269 967 1347 ipsi
989 1275 1120 1346 possunt
1135 1287 1188 1325 eos
1204 1266 1338 1326 adstrin-

214 1386 285 1442 gere
310 1365 347 1424 ad
376 1366 499 1426 titulum
528 1366 681 1425 missionis
704 1365 947 1444 subrogandum.
969 1364 1050 1432 Quin
1075 1365 1169 1422 immo
1195 1363 1338 1422 hortatur

214 1463 246 1520 S.
265 1462 473 1541 Congregatio
489 1462 669 1522 Ordinarios
685 1470 734 1536 ut,
752 1471 904 1542 quantum
925 1462 990 1520 fieri
1010 1468 1129 1540 potest,
1148 1459 1199 1518 alii
1214 1478 1338 1539 quoque
1399 1531 1401 1536 Ι

214 1557 343 1636 legitimi
359 1558 442 1618 tituli
457 1579 514 1638 pro
529 1580 615 1618 sacra
631 1559 824 1618 ordinatione
840 1557 1037 1617 inducantur.

257 1655 303 1715 15.
330 1654 469 1714 Tandem
496 1657 588 1714 Sacra
617 1655 841 1734 CongregatiO,
870 1654 1119 1714 animadvertens
1146 1653 1338 1713 incremento

216 1750 397 1812 missionum
424 1751 594 1830 plurimum
612 1772 702 1831 posse
726 1751 916 1824 conducere,
939 1751 962 1809 si
983 1752 1036 1831 qui
1059 1750 1090 1808 in
1110 1749 1250 1827 collegiis
1274 1749 1338 1806 sive

215 1847 386 1906 seminariis
403 1848 564 1928 utriusque
579 1849 654 1906 cleri
669 1847 822 1926 evangelii
838 1867 997 1926 praecones
1015 1867 1086 1905 mox
1103 1846 1198 1904 suturi
1215 1845 1337 1905 educati

215 1951 302 2014 sunt,
321 1943 371 2002 vel
391 1944 444 2023 qui
466 1943 557 2002 titulo
578 1944 733 2003 missionis
754 1944 791 2003 ad
813 1944 936 2003 ordines
958 1943 1043 2002 luere
1063 1943 1215 2022 promoti,
1235 1942 1339 2000 animo

215 2039 384 2098 identidem
406 2040 545 2099 recolant
562 2039 798 2120 jusjurandum,
819 2061 881 2121 quo
901 2061 933 2099 se
953 2039 1202 2111 obstrinxerunt,
1222 2047 1338 2116 'coope-

215 2135 302 2195 randi
320 2136 385 2194 Deo
401 2137 432 2194 iu
448 2137 578 2195 salutem
595 2137 782 2208 animarum,
801 2157 853 2194 eos
868 2135 1011 2195 hortatur
1026 2143 1061 2195 ut
1076 2136 1106 2193 in
1122 2155 1219 2193 annos
1236 2134 1339 2212 singu-

215 2229 277 2301 los,
302 2233 512 2292 anniversaria
532 2232 581 2292 die
597 2233 726 2313 praestiti
745 2233 931 2312 juramenti,
956 2232 1032 2291 illud
1052 2239 1191 2311 repetere
1212 2237 1337 2302 curent,

216 2328 296 2386 serio
316 2328 500 2387 meditantes
516 2328 653 2388 divinam
669 2351 740 2408 erga
761 2349 792 2388 se
808 2329 995 2402 bonitatem,
1016 2349 1085 2409 quae
1099 2349 1158 2387 cos
1178 2327 1341 2386 constituit

216 2423 302 2482 verbi
327 2425 483 2483 ministros
509 2425 546 2484 ad
572 2425 783 2484 annuntianda
805 2425 957 2484 mirabilia
983 2426 1107 2484 virtutis
1132 2446 1167 2484 ac
1192 2423 1339 2502 potentias

216 2538 295 2591 suae3
312 2541 406 2600 quam
422 2521 685 2580 immarcescibilis
700 2520 806 2600 gloriar
821 2541 935 2581 corona
955 2522 998 2580 eis
1014 2522 1043 2578 in
1059 2521 1146 2580 coelis
1162 2527 1268 2600 parete
1284 2521 1338 2590 sit,

216 2616 240 2674 si
260 2615 397 2676 olficium
420 2637 510 2676 suum
532 2625 637 2677 sancte
659 2619 873 2696 impleverint,
896 2639 1051 2698 quamque
1073 2638 1089 2676 e
1111 2625 1217 2676 contra
1238 2617 1341 2676 distri-

215 2719 299 2772 ctum
313 2719 436 2772 maneat
444 2713 608 2793 judicium,
622 2715 646 2772 si
656 2714 855 2792 negligentia,
867 2716 914 2774 vel
924 2715 1065 2774 socordia
1075 2735 1140 2786 sua,
1152 2714 1234 2794 quod
1247 2713 1338 2788 absit,

215 2829 401 2889 quemquam
418 2810 517 2889 perire
533 2811 707 2888 eontigerit.
727 2810 761 2868 ld
777 2819 880 2871 autem
896 2833 958 2892 quo
974 2811 1148 2890 promptius
1163 2819 1194 2869 et
1208 2809 1340 2869 alacrius

215 2913 379 2984 praestent,
397 2906 540 2965 noverint
560 2929 583 2967 s
603 2927 643 2966 m.
657 2907 747 2966 Pium
758 2907 818 2979 Vl,
834 2907 864 2966 in
880 2908 1037 2966 audientia
1053 2906 1113 2965 diei
1129 2909 1147 2966 7
1163 2907 1234 2965 maii
1251 2906 1337 2978 1775,

216 3001 382 3082 unicuique
398 3001 521 3061 illorum
542 3003 712 3082 plenariam
732 3003 973 3082 indulgentiam,
991 3003 1151 3063 animabus
1168 3002 1338 3083 quoque'in

213 3098 393 3176 purgatorio
408 3097 542 3158 detentis
562 3098 794 3178 applicabilem,
812 3107 843 3159 et
858 3100 1016 3178 perpetuis
1032 3099 1196 3159 valituram
1218 3107 1339 3177 tempo-

213 3189 299 3248 ribus
314 3189 506 3268 impertitum
523 3191 631 3263 luisse,
650 3212 711 3249 non
727 3191 827 3250 solum
844 3213 914 3250 cum
930 3192 1112 3271 pradictum
1126 3191 1337 3272 juramentum

214 3286 313 3364 primo
329 3287 500 3356 emiserint,
520 3308 627 3346 verum
643 3288 736 3346 ctiam
752 3309 822 3348 cum
838 3288 914 3347 illud
930 3295 1011 3347 stato
1023 3288 1088 3368 jam
1104 3288 1153 3346 die
1169 3309 1338 3346 renovave-

213 3381 290 3454 rint,
312 3382 481 3442 dummodo
500 3384 531 3442 in
552 3391 684 3465 utroque
704 3405 776 3444 casu
798 3385 1018 3444 conscientiam
1039 3405 1126 3443 suam
1146 3385 1338 3463 poenitentiae

214 3485 407 3538 sacramento
423 3480 546 3558 expiare
567 3501 628 3538 non
648 3481 810 3554 omittant,
828 3488 921 3561 atquc
941 3481 1179 3540 eucharisticam
1200 3501 1338 3541 commu-

214 3574 336 3633 nionem
353 3575 538 3654 suscipiant,
556 3577 605 3635 vel
621 3577 721 3636 missae
737 3577 894 3636 celebrent
909 3578 1104 3637 sacrificium.

278 3801 429 3862 Formule
439 3802 620 3885 juramenti
634 3803 676 3864 ab
691 3803 731 3864 iis
741 3803 920 3885 praestandi
932 3805 990 3888 qui
1005 3804 1096 3866 titulo
1113 3805 1272 3867 missionis

676 3899 876 3962 ordinantur.

254 4066 318 4145 Ego
332 4071 385 4144 N,
404 4067 484 4128 filius
500 4068 555 4146 N,
572 4069 714 4130 dioecesis
731 4071 779 4130 vel
795 4072 962 4132 vicariatus
977 4071 1018 4132 N.
1024 4120 1032 4149 ,
1051 4073 1189 4151 spondeo
1204 4081 1235 4132 et
1247 4073 1335 4153 juro,

152 4211 154 4214 .
213 4163 314 4243 quod,
331 4171 497 4245 postquam
517 4165 555 4224 ad
576 4187 680 4226 sacros
694 4168 819 4228 ordines
834 4177 995 4248 promotus
1012 4169 1114 4242 luer0,
1133 4169 1247 4228 nullam
1269 4169 1338 4229 reli·

214 4259 349 4338 gionem,
367 4262 559 4336 societatem,
575 4270 629 4322 aut
644 4265 915 4344 congregationem
931 4265 1114 4345 regularem,
1131 4267 1195 4325 sine
1212 4266 1336 4344 speciali
