3270 5050
342 461 458 513 SUMMA
478 461 653 514 DOCTRINAE
672 463 862 518 cainonem
880 468 924 518 DE
943 467 1122 520 ononimus
1261 467 1297 522 65

170 624 240 665 cum
257 602 431 664 honoribus
452 625 490 664 ex
507 605 602 666 sacris
622 606 783 669 ordinibus
802 607 1027 688 defluentibus,
1044 609 1098 672 sed
1119 617 1241 672 tautum
1256 613 1295 673 ad

170 709 279 770 laicam
292 709 544 770 communionem
557 711 579 771 ¹.

210 931 270 992 20.
294 963 336 974 -
358 929 539 992 Saeculum
561 932 634 1010 V13
663 933 819 995 loannes
841 933 1092 998 scholasticus.
1107 935 1299 996 —loannes

172 1033 399 1108 Scholasticus,
415 1033 592 1114 patriarcha
614 1033 981 1118 Constantinopolitanus
1006 1038 1203 1120 (564-578),
1225 1040 1298 1101 fidei

172 1137 334 1199 catholicae
353 1137 512 1212 addictae,
531 1138 626 1220 jussit
645 1138 774 1201 clericos
792 1141 851 1201 sibi
866 1141 1040 1223 subjectos,
1057 1144 1110 1224 qui
1130 1143 1169 1206 ab
1188 1145 1300 1206 haercsi

173 1243 466 1324 monophysitarum
481 1243 519 1304 ad
535 1243 721 1306 catholicam
735 1246 986 1308 communionem
1001 1255 1168 1325 venerant,
1184 1248 1303 1331 deponi

172 1370 191 1410 a
205 1347 307 1410 sacris
321 1347 489 1409 ordinibus
506 1348 539 1409 in
554 1348 668 1410 haeresi
681 1349 829 1432 receptis,
846 1350 1004 1412 etiterum
1019 1352 1053 1413 in
1068 1353 1117 1414 liis
1132 1353 1302 1415 ordinibus

174 1453 330 1514 ordinari.
348 1453 408 1522 Qui
422 1475 530 1515 revera
549 1454 588 1515 ab
607 1455 677 1536 ipso
691 1456 867 1536 patriarcha
887 1457 1020 1538 depositi
1036 1466 1125 1534 sunt,
1141 1460 1301 1520 etiterum

173 1559 321 1620 ordinati.
333 1595 374 1604 —
384 1559 464 1634 Imo,
480 1559 562 1620 idem
577 1561 745 1622 attentavit
756 1561 859 1642 quoad
875 1562 1015 1638 clericos,
1028 1569 1060 1623 et
1074 1564 1168 1624 etiam
1183 1565 1303 1645 episco-

175 1686 231 1746 pos
246 1665 379 1726 aliarum
394 1664 589 1741 dioeceseon3
606 1665 650 1726 sic
664 1666 792 1742 Paulus,
809 1666 976 1749 episcopus
991 1669 1212 1750 monophysita
1225 1669 1303 1729 civi-

176 1771 249 1832 tatis
263 1769 479 1852 Aphrodisiae,
495 1771 527 1830 in
540 1771 629 1846 Asia,
642 1791 755 1832 novam
768 1772 887 1853 recepit
903 1773 1170 1834 consecrationem
1185 1774 1305 1855 episco-

177 1877 279 1958 palem
288 1896 345 1956 pro
360 1874 419 1935 alia
428 1875 565 1936 dioecesi.
573 1912 614 1921 —
624 1877 756 1958 Scripsit
768 1877 885 1958 pariter
895 1877 913 1936 J
916 1898 1032 1938 oannes
1043 1877 1255 1939 Scholasticus
1265 1877 1304 1939 ad

177 1981 282 2062 plures
297 1981 462 2062 episcopos
479 1979 667 2055 catholicos,
687 1989 724 2042 ut
742 1981 850 2042 eadem
867 1982 979 2062 agendi
999 1983 1119 2044 ratione
1142 1991 1306 2044 uterentur

177 2085 281 2168 quoad
299 2086 430 2147 clericos
447 2085 682 2168 monophysitas
698 2086 757 2147 sibi
776 2086 946 2168 subjectos.
964 2119 1004 2131 -
1018 2088 1095 2148 Haec
1109 2095 1255 2150 constant
1266 2109 1305 2150 ex

178 2190 336 2254 Chronico
349 2191 496 2266 loanniS,
513 2191 651 2273 episcopi
665 2191 829 2273 Ephesini,
845 2192 1073 2274 monophysitae
1086 2194 1215 2269 (saeculo
1230 2193 1303 2276 v1)².

219 2299 266 2359 En
288 2317 364 2376 ergo
385 2295 521 2378 primum
544 2296 722 2378 exemplum
746 2304 866 2357 certum
890 2297 1011 2358 iteratae
1036 2298 1242 2359 ordinationis
1265 2299 1307 2359 ab

177 2401 334 2464 haereticis
354 2409 499 2483 receptae.
516 2401 650 2478 Verum,
672 2409 707 2462 ut
726 2401 891 2462 didicimus
909 2402 1019 2462 eodem
1035 2411 1179 2476 auctore,
1200 2404 1306 2466 clerici

178 2506 537 2588 Constantinopolitani,
548 2507 628 2588 jussi
643 2528 757 2568 novam
773 2507 1001 2569 ordinationem
1016 2508 1136 2584 subire,
1153 2517 1304 2590 quantum

177 2619 351 2694 potuerunt
374 2613 571 2683 restiterunt,
597 2612 887 2694 maledixeruntquc
910 2621 973 2673 tam
996 2613 1185 2675 Patriarchae
1211 2634 1305 2696 quam

178 2719 245 2800 ejus
264 2739 355 2778 novae
373 2717 578 2791 ordinationi,
595 2719 689 2778 sacris
704 2719 876 2778 canonibus
891 2719 1054 2779 contrariae
1065 2718 1088 2780 ³.
1108 2720 1307 2780 Restiterunt

178 2824 296 2905 pariter
317 2821 499 2904 episcopi⁴;
525 2821 605 2898 imo,
628 2843 699 2883 cum
729 2821 833 2883 clerici
858 2823 973 2883 iterum
995 2822 1131 2884 ordinati
1158 2823 1306 2884 Ecclesiae

179 2927 538 3008 Constantinopolitanae
561 2925 710 3008 adscripti
738 2927 886 3006 fuissent,
915 2927 947 2986 id
976 2927 1137 3006 aegerrime
1165 2927 1307 2989 tulerunt

177 3035 271 3096 etiam
298 3032 461 3106 catholici,
491 3039 599 3092 contra
624 3052 758 3093 canones
784 3039 817 3092 et
842 3032 984 3092 instituta
1008 3032 1216 3094 ecclesiastice
1238 3053 1305 3093 rem

178 3141 292 3202 iactam
308 3159 376 3200 esse
391 3137 621 3199 conclamantes
631 3138 654 3198 ⁵.
667 3173 709 3182 —
723 3136 812 3197 Unde
827 3136 895 3197 hacc
907 3136 988 3198 iacta
1001 3138 1106 3219 potius
1121 3137 1307 3200 confirmant

209 3336 219 3369 ¹
237 3335 278 3385 Cf.
291 3334 431 3394 Vuitasse,
448 3333 494 3383 cit.
511 3335 577 3382 sect.
591 3347 641 3392 vu,
658 3331 739 3394 objic.
756 3335 888 3395 5,p.1o³.

209 3414 221 3449 ²
238 3413 328 3475 Hujus
344 3411 473 3462 chronici
492 3411 548 3460 tere
565 3425 618 3460 non
633 3412 757 3460 remanet
775 3410 826 3458 nisi
842 3410 937 3459 ultima
956 3423 1004 3458 seu
1022 3409 1104 3458 tertia
1123 3425 1199 3472 pars,
1215 3411 1306 3475 lingua

178 3493 286 3554 syriaca
302 3493 412 3539 exarata
431 3493 460 3540 et
477 3491 565 3553 primo
585 3489 659 3553 typis
678 3488 752 3538 edita
770 3487 1163 3552 aCuretonloxiord,185³),
1182 3503 1262 3552 quam
1278 3489 1305 3538 in

178 3571 297 3632 linguam
321 3569 455 3631 anglicam
478 3567 618 3617 transtulit
639 3567 672 3616 R.
696 3566 789 3630 Payne
815 3565 919 3625 Smith,
944 3565 999 3615 The
1025 3565 1102 3614 third
1119 3568 1184 3630 part
1209 3566 1243 3629 of
1260 3566 1306 3617 the

178 3645 374 3698 ecclesiasticsl
390 3645 497 3711 history
514 3643 548 3708 os
559 3645 632 3695 John
649 3644 750 3708 Bishop
765 3642 798 3704 of
809 3643 943 3708 Ephesus,
964 3643 1080 3703 Oxlord,
1101 3649 1172 3693 1860.
1187 3671 1218 3682 -
1234 3645 1306 3695 Prae-

179 3731 290 3790 ccptum
302 3727 335 3774 dc
349 3723 518 3788 depositione
532 3725 558 3774 et
574 3722 699 3773 iteranda
713 3721 887 3772 ordinatione
899 3721 1075 3772 diaconorum
1091 3725 1119 3772 et
1133 3723 1307 3787 presbytero·

181 3819 240 3853 rum
260 3803 529 3868 monophysitarum,
546 3803 652 3852 etitem
670 3801 766 3850 horum
781 3801 981 3863 depositionem
1000 3801 1181 3865 iteratamque
1200 3802 1307 3851 ordina-

180 3884 297 3940 tionem,
320 3881 405 3931 hahes
426 3882 483 3942 hic,
505 3881 554 3930 lib.
575 3879 599 3941 1,
620 3895 644 3932 c.
664 3895 700 3928 xn
721 3877 793 3944 (The
815 3877 891 3927 third
910 3879 989 3942 part,
1015 3882 1079 3940 etc,
1104 3895 1131 3943 p.
1151 3880 1256 3943 11-12).
1276 3907 1307 3918 -

182 3961 222 4010 De
237 3960 332 4019 Paulo,
348 3961 478 4023 episcopo
492 3959 712 4024 Aphrodisiensi,
730 3957 855 4020 deposito
870 3956 904 4006 ab
919 3957 1089 4020 episcopatu,
1103 3960 1131 4008 et
1144 3959 1243 4008 iterum
1252 3973 1307 4023 «pro

182 4039 233 4088 alia
248 4039 361 4088 civitate
375 4037 511 4098 ordinato,
527 4037 598 4096 vide,
615 4034 788 4096 ihid.,1ih.1‚
804 4049 827 4083 c.
843 4049 897 4095 xrv,
912 4049 939 4098 p.
955 4038 1046 4084 ra-rl.

213 4119 224 4152 ³
241 4115 323 4175 lata„
338 4131 365 4180 p.
381 4121 420 4167 12.

213 4197 226 4228 ⁴
242 4194 323 4254 ibin,
336 4195 384 4243 lib.
400 4194 426 4256 l,
442 4210 466 4244 c.
481 4209 560 4254 xrrrr,
575 4209 602 4259 p.
618 4197 718 4255 11-26;
734 4192 768 4242 cl.
784 4193 865 4242 etiam
880 4207 904 4242 c.
920 4206 1045 4253 xr·xvn,
1063 4207 1089 4255 p.
1103 4195 1132 4241 11
1149 4205 1188 4255 sq.

216 4275 227 4309 ⁸
243 4273 323 4332 ibid,
339 4273 387 4322 lib.
405 4273 431 4332 1,
446 4288 471 4324 c.
486 4289 534 4335 xu,
551 4288 578 4338 p.
592 4279 631 4322 12.

277 4385 360 4422 sacas
372 4385 492 4421 onnmnr.
1151 4367 1166 4418 5
