3300 5056
327 459 380 514 204
595 465 638 516 DE
658 465 796 516 LEGIBUS
816 465 931 518 SACRAE
949 465 1185 518 contuitionis

373 609 404 672 l.
431 606 542 672 Actus
560 607 808 694 providentiae;
829 609 1043 696 providentia
1062 616 1178 674 autem
1203 616 1256 676 est
1282 609 1456 676 ordinatio

329 749 446 792 rerum
476 727 520 792 ad
549 729 654 811 finem
680 749 746 814 per
777 725 887 791 media
913 725 1191 810 proportionata,
1223 731 1258 790 et
1290 725 1456 813 supponit

327 847 441 906 actum
478 839 673 906 intellectus
710 847 745 906 ει
778 838 988 917 voluntatis3
1022 837 1095 903 haec
1131 845 1246 904 autem
1284 839 1455 904 ordinatio

328 961 441 1042 potest
460 953 608 1043 spectari
625 961 700 1019 tum
719 955 756 1018 in
779 959 893 1018 mente
917 952 1048 1034 divina,
1070 959 1144 1017 tum
1168 952 1202 1017 in
1226 953 1449 1030 executione;

327 1068 461 1134 vocatio
485 1091 566 1154 ergo
590 1075 643 1133 est
666 1073 763 1134 actus
786 1067 984 1154 hujusmodi
1006 1067 1246 1156 providentiae‚
1271 1067 1307 1132 in
1331 1089 1456 1132 execu-

328 1183 421 1248 tione
439 1183 657 1270 potissimum
676 1181 922 1250 consideratus.

372 1295 406 1362 2.
432 1297 542 1362 Actus
565 1295 788 1386 providentiae
813 1297 1086 1382 supernaturalia
1093 1315 1108 1379 ,·
1132 1295 1258 1384 duplex
1284 1295 1376 1360 enim
1401 1303 1455 1360 ast

327 1409 559 1496 providentia,
588 1431 656 1475 una
685 1411 869 1493 naturalis,
898 1433 974 1499 quae
1000 1417 1123 1499 praeest
1149 1409 1260 1475 ordini
1286 1408 1451 1488 naturali,
1550 1457 1552 1464 Α

329 1523 511 1612 dirigitque
532 1531 703 1590 creaturas
727 1523 904 1589 inferiores
928 1522 970 1588 ad
994 1523 1096 1590 finem
1120 1523 1328 1606 naturalem,
1350 1523 1454 1589 altera

328 1639 616 1725 supernaturalia,
643 1661 719 1726 quae
744 1645 868 1726 praeest
893 1638 1003 1704 ordini
1028 1638 1295 1726 supernaturali,
1322 1637 1454 1724 dirigit-

329 1775 395 1841 que
421 1760 593 1818 creaturas
618 1753 804 1818 rationales
829 1752 999 1818 adfinem
1023 1751 1330 1841 supernaturalem.
1356 1752 1453 1818 Patet

330 1874 443 1932 autem
472 1867 687 1932 vocationem
713 1889 788 1932 esse
814 1873 929 1932 actum
955 1867 1056 1956 hujus
1085 1866 1308 1955 providentiae
1338 1889 1453 1954 super-

331 1981 507 2047 naturalis.

375 2097 407 2160 3.
444 2095 519 2174 Quo
549 2097 641 2162 Deus
669 2097 820 2185 aliquem
848 2097 994 2162 destinat
1021 2096 1064 2162 ad
1092 2105 1221 2163 statum
1249 2096 1452 2164 clericalem.

332 2209 384 2274 En
402 2217 497 2275 actua
517 2212 585 2296 ipse
604 2213 785 2277 vocationis
790 2263 801 2296 ,
818 2233 941 2300 nempe
955 2211 1134 2276 destinatio
1149 2211 1295 2299 alicujus
1314 2212 1350 2276 in
1369 2210 1454 2276 indi-

330 2323 432 2388 viduo
453 2323 496 2388 ad
517 2324 609 2391 hunc
632 2333 778 2408 statum,
805 2325 989 2391 etidcirco
1017 2323 1090 2412 ejus
1116 2325 1239 2392 electio
1266 2349 1335 2415 prae
1361 2324 1454 2390 mille

331 2437 418 2505 aliis.

376 2553 408 2618 l.
430 2553 491 2619 Ad
508 2563 638 2621 statum
661 2555 861 2622 clericalem.
884 2557 967 2622 Tres
985 2563 1068 2624 sunt
1087 2563 1196 2622 status
1216 2556 1251 2620 in
1275 2556 1347 2621 vita
1371 2553 1455 2619 chri·

331 2667 441 2734 stiana
466 2688 474 2736 :
500 2677 611 2735 status
635 2669 818 2752 clericalis,
846 2677 956 2735 status
981 2671 1178 2759 religiosus,
1205 2677 1317 2736 status
1342 2669 1455 2734 matri-

331 2782 504 2864 monialis,
533 2783 657 2872 quibus
683 2806 752 2849 non
782 2783 952 2850 immerito
983 2785 1121 2850 additur
1146 2789 1305 2874 quartus,
1335 2804 1455 2871 nempe

331 2903 440 2961 status
460 2896 634 2963 caelibatus
653 2921 755 2986 quem
775 2900 852 2986 quis
871 2891 1097 2986 amplectatur
1116 2899 1151 2964 in
1173 2899 1300 2964 saeculo
1318 2903 1455 2986 propter

332 3009 458 3092 Deum,
480 3011 515 3075 vi
533 3012 605 3077 voti
624 3011 805 3100 simplicis,
828 3019 887 3077 aut
911 3013 1033 3078 saltem
1055 3011 1221 3102 propositi
1247 3019 1379 3078 mature
1399 3009 1455 3074 de-

330 3121 476 3189 liberati.
500 3123 586 3203 Quia
605 3149 686 3191 vero
711 3126 746 3190 hi
769 3133 880 3192 status
900 3125 1026 3198 habent
1051 3113 1113 3193 sua
1141 3125 1252 3192 officia
1279 3125 1396 3213 gravia
1421 3131 1455 3189 et

330 3235 547 3304 difficultates
567 3263 635 3304 non
655 3240 858 3322 mediocres,
881 3240 1064 3328 requiritur
1083 3264 1144 3331 pro
1164 3239 1310 3328 singulis
1329 3239 1454 3305 vocatio

329 3353 498 3436 specialia,
519 3353 586 3417 nisi
606 3354 698 3441 quod
716 3355 850 3420 vocatio
869 3354 913 3420 ad
933 3361 1062 3420 statum
1081 3353 1370 3420 matrimonialem
1389 3351 1452 3416 mi-

329 3487 395 3529 nus
419 3467 463 3532 sit
489 3468 622 3532 vocatio
644 3469 804 3553 positiva,
823 3483 934 3556 'quam
960 3471 1111 3555 defectus
1137 3469 1286 3534 aliarum
1312 3467 1454 3532 vocatio-

331 3585 445 3647 nom¹.
468 3581 596 3647 Praeter
619 3589 735 3648 autem
759 3583 822 3647 hos
842 3589 968 3664 status,
991 3607 1052 3672 pro
1071 3583 1173 3649 variis
1193 3603 1316 3670 nempe
1336 3602 1452 3646 mune-

329 3691 423 3759 ribus
442 3701 502 3761 aut
524 3695 659 3778 officiis,
681 3695 804 3784 quibus
828 3697 1033 3763 addicuntur
1056 3697 1226 3778 homines,
1249 3718 1317 3761 non
1341 3694 1454 3783 requi-

328 3807 414 3872 ritur
445 3809 585 3897 praeoise
617 3811 767 3892 vocatio,
801 3810 862 3876 sed
893 3835 931 3877 ea
964 3810 1147 3898 dereliquit
1177 3811 1270 3876 Deus
1303 3805 1454 3874 libertati

328 3920 520 4008 hominum,
543 3922 647 3988 salvis
666 3923 793 4010 regulis
808 3925 966 4012 justitiae,
984 3924 1173 4013 prudentiae
1193 3931 1227 3990 at
1245 3921 1453 3989 charitatis&

361 4122 369 4156 ¹
388 4122 415 4174 S.
431 4123 543 4182 Paulus,
561 4123 570 4170 l
585 4122 655 4182 Con,
671 4137 717 4183 vn,
733 4130 765 4172 2:
782 4145 794 4169 ι
807 4123 999 4188 Unusquisque
1009 4139 1085 4174 suam
1096 4137 1207 4173 uxorem
1223 4122 1332 4182 habeat,
1348 4125 1376 4172 et
1391 4135 1456 4170 una·

328 4217 444 4265 quoeque
458 4217 537 4251 ouum
550 4203 647 4250 virum.
663 4221 675 4244 ι»

359 4280 370 4315 ²
385 4281 438 4330 Pro
448 4281 490 4328 his
503 4279 659 4328 muneribus
672 4283 719 4328 aut
734 4279 832 4330 officiis
847 4295 900 4329 non
912 4281 1012 4343 requiri
1028 4279 1079 4329 sub
1089 4280 1164 4344 gravi
1176 4279 1356 4338 vocationem,
1368 4281 1455 4344 patet,
