3270 5050
312 491 343 542 ie
575 491 618 541 DE
638 491 776 542 LEGIBUS
795 491 911 542 SACRAE
930 491 1166 543 ORDINAI'IONIS

307 641 423 720 sorma
448 635 672 702 ordinationis
695 635 897 718 diaconalia,
922 657 1045 724 nempe
1068 636 1103 701 in
1132 637 1205 726 ipsa
1228 641 1433 725 praefatione

309 773 369 816 seu
388 751 555 834 oratione,
572 773 675 838 quam
694 750 874 838 episcopus
888 751 1087 836 pronuntiat
1101 752 1135 816 in
1156 752 1344 818 ordinando
1363 755 1433 820 dia-

308 889 409 948 cono,
439 865 658 930 inveniuntur
683 863 786 930 verba
815 863 1068 952 aequivalentiu,
1099 867 1169 931 haee
1202 890 1323 956 nempe
1357 892 1432 956 quer

307 981 418 1046 adhuc
444 979 544 1044 hodie
567 979 752 1066 leguntur:
780 1005 796 1038 α
824 978 954 1042 Emitte
978 981 1012 1043 in
1036 1002 1105 1063 eos,
1128 1004 1340 1068 quaesumus,
1364 984 1432 1048 Do-

307 1095 410 1177 mine,
427 1093 597 1179 Spiritum
611 1093 788 1177 Sanctum,
807 1115 874 1180 quo
893 1093 927 1156 in
948 1117 1034 1180 opus
1054 1095 1232 1161 ministerii
1252 1097 1313 1178 tui,
1329 1105 1392 1162 etc.
1417 1127 1431 1156 n

306 1210 404 1276 Unde
427 1209 634 1274 unanimiter
652 1207 752 1272 hodie
772 1207 979 1272 conveniunt
997 1207 1155 1274 doctores
1178 1211 1213 1274 in
1233 1210 1431 1276 affirmando

307 1325 523 1389 diaconatum
542 1345 617 1387 esse
637 1329 889 1387 sacramentum
905 1325 926 1387 ¹.

282 1443 284 1448 ’
352 1439 386 1504 3⁰
409 1437 483 1502 Hoc
504 1443 618 1502 autem
644 1443 894 1501 sacramentum
915 1435 1140 1501 ordinationis
1159 1438 1379 1504 sacerdotalis
1398 1449 1431 1504 et

307 1549 492 1618 diaconalis
512 1550 598 1616 duos
617 1550 756 1615 effectus
775 1549 947 1638 producit,
969 1573 1091 1639 nempe
1113 1553 1264 1636 yratiam
1282 1555 1431 1638 sanctifi-

306 1677 449 1751 cantem,
460 1672 495 1730 et
509 1665 750 1747 characterem,
761 1664 812 1728 uti
827 1671 961 1729 constat
976 1687 1018 1729 ex
1030 1665 1182 1752 proxime
1193 1666 1299 1732 relato
1310 1689 1384 1732 can.
1397 1669 1429 1746 I,

307 1804 391 1847 sess.
409 1779 535 1860 XXIII,
551 1801 647 1844 conc.
664 1777 755 1842 Trid.
772 1815 815 1827 —
830 1778 934 1844 Juxta
948 1785 1063 1843 autem
1078 1778 1339 1866 probabiliorem
1359 1780 1431 1868 opi-

307 1897 455 1976 nionem,
470 1894 644 1958 character
658 1891 716 1956 ille
733 1915 800 1956 non
816 1899 868 1957 est
882 1891 975 1957 aliud
989 1915 1028 1958 ac
1042 1893 1116 1980 ipsa
1127 1902 1276 1978 potestas
1290 1895 1429 1974 ordinis,

307 2009 428 2072 animae
446 2007 565 2072 intime
589 2013 623 2071 et
648 2005 875 2070 indelebiliter
894 2007 1074 2072 inhaerens.
1102 2007 1151 2072 De
1176 2031 1242 2096 quo
1268 2009 1433 2074 adeantur

306 2121 468 2208 theologi.

354 2354 393 2420 5.
413 2389 457 2399 -
477 2350 767 2419 Controversia
790 2351 896 2418 cirea
919 2349 1129 2418 relationes
1153 2351 1260 2418 inter
1283 2351 1432 2438 opisco-

308 2472 444 2552 patum
463 2471 502 2532 et
522 2463 852 2553 presbyteratum.

355 2583 387 2643 I⁰
401 2579 607 2665 Principalis
625 2579 863 2644 controversia.
882 2617 926 2628 —
941 2577 1110 2656 Quaeritur
1129 2587 1243 2643 utrum
1259 2579 1433 2644 character

309 2717 368 2758 seu
389 2701 542 2781 potestas
566 2691 785 2780 episcopalia,
810 2715 885 2780 quae
909 2693 1080 2758 confertur
1104 2715 1165 2780 per
1186 2692 1431 2758 ordinationem

309 2833 368 2874 seu
392 2807 681 2873 consecrationem
702 2806 946 2894 episcopalem,
973 2807 1218 2895 complectatur
1237 2814 1371 2872 tantum
1391 2829 1431 2871 ex

308 2947 344 2988 se
360 2931 562 3009 potestatem
580 2921 800 3007 episcopalem
819 2923 934 2986 stricte
953 2922 1079 2986 dictam
1100 2921 1235 3011 (nempe
1254 2919 1432 2985 ordinandi

309 3045 342 3102 ct
369 3034 619 3122 confirmandi),
648 3057 691 3099 an
721 3034 834 3122 potius
860 3041 1022 3122 praeterea
1052 3035 1297 3124 complectatur
1327 3043 1433 3098 totam

304 3157 505 3239 potestatem
516 3149 804 3234 presbyteralem,
821 3149 867 3213 ita
883 3158 923 3214 ut
938 3149 968 3213 si
983 3149 1060 3236 quis
1078 3172 1144 3214 non
1154 3149 1338 3234 presbyter
1350 3147 1433 3212 reci-

307 3267 379 3353 piat
393 3263 683 3328 consecrationem
699 3263 941 3351 episcopalem,
959 3263 1124 3329 efficiatur
1139 3263 1241 3327 simul
1255 3263 1433 3351 presbyter

308 3388 342 3445 et
357 3379 546 3467 episcopus
564 3415 608 3426 -
623 3377 704 3441 Haec
719 3384 833 3442 autem
848 3377 1079 3442 controversia
1094 3377 1291 3471 doctrinalis
1306 3377 1432 3465 pendet

307 3495 350 3560 ab
371 3495 432 3586 hac
452 3491 683 3557 controversia
697 3490 873 3573 historica,
890 3501 1004 3557 utrum
1018 3495 1140 3580 nempe
1160 3491 1293 3556 diaconi
1308 3493 1431 3557 luerint

307 3608 489 3697 aliquando
508 3605 653 3672 ordinati
672 3606 837 3694 episcopi,
860 3607 980 3670 oninso
995 3607 1250 3691 presbyteratu.

352 3725 395 3787 A.
418 3721 522 3784 Prior
536 3721 659 3805 opinio,
679 3759 720 3770 -
735 3719 837 3785 Multi
852 3726 970 3784 tenent
984 3721 1097 3784 Rornae
1112 3742 1177 3805 per
1191 3721 1295 3806 plura
1310 3721 1430 3784 saecula

307 3839 464 3902 diaconos
492 3841 699 3899 consecratos
724 3836 830 3919 [uisse
856 3835 1039 3918 episcopos,
1069 3835 1190 3898 omissa
1220 3835 1430 3899 ordinatione

302 3949 533 4038 presbyterali
537 3967 553 4032 ,⁶
561 3947 652 4014 unde
665 3947 939 4013 concluduntaut
949 3955 1147 4036 supponunt
1159 3949 1351 4014 charactere
1362 3948 1430 4035 epi-

307 4146 426 4202 cntibus,·
442 4144 512 4193 uncle
532 4143 583 4191 Ista
602 4143 745 4204 singularis
762 4141 897 4204 impositio
914 4157 1042 4191 iraeneum
1059 4142 1142 4191 sscbat
1157 4141 1273 4200 silentio,
1288 4144 1358 4192 sicut
1373 4141 1429 4191 ficri

307 4227 430 4274 eldemus
444 4224 471 4272 In
486 4221 655 4271 ordinatione
670 4221 834 4282 presbyteri.

338 4305 346 4338 ¹
363 4304 403 4353 CI.
420 4301 531 4358 lIaIIIer,
545 4299 590 4362 qui
607 4300 656 4347 hac
671 4299 705 4347 de
719 4315 748 4346 rc
763 4301 868 4362 egregIe
885 4303 997 4355 tractat,
1015 4299 1062 4346 Ior.
1079 4299 1134 4348 eil..
1152 4303 1164 4358 ς
1179 4305 1206 4358 3,
1223 4315 1249 4362 p.
1267 4303 1319 4348 Ire.
