3316 5052
337 451 388 504 32⁶
605 455 647 504 DE
668 455 806 506 LEGIBUS
824 454 938 506 SACRAE
957 456 1194 508 cantuariorum

337 597 409 682 teqe
433 597 614 662 universati
636 599 812 681 Ecclesiae;
836 622 898 665 nec
922 600 1015 666 dicas
1044 601 1240 689 episcopum
1264 601 1462 688 dispensare

335 733 436 798 posse
455 712 489 776 in
511 713 724 794 accesserim·
742 735 832 796 nam,
851 714 914 780 hoc
929 715 1169 802 praetermisso,
1186 738 1254 780 non
1274 721 1326 779 est
1344 737 1461 779 neces-

335 825 461 890 sarium
482 825 571 890 hunc
590 823 763 892 subditum
783 828 943 894 ordinari.
1146 829 1148 832 ’

380 939 414 1002 2⁰
429 937 572 1017 Quando
591 940 838 1008 testimoniales
852 943 1069 1031 requiruntur
1088 943 1190 1009 etiam
1209 942 1244 1006 vi
1263 941 1364 1008 bullae
1379 943 1460 1028 Spe·

335 1053 513 1136 solutores,
530 1055 764 1120 testimonium
783 1056 923 1122 reddere
942 1056 1069 1123 debent
1082 1057 1125 1121 de
1143 1057 1240 1122 honis
1259 1063 1294 1120 et
1313 1057 1461 1122 honestis

336 1168 489 1232 moribus
531 1167 724 1250 ordinandi,
762 1169 862 1256 juxta
905 1193 945 1237 ea
986 1194 1062 1258 quae
1103 1195 1205 1259 supra
1245 1171 1336 1237 dicta
1378 1179 1459 1236 sunt

336 1282 388 1370 (n.
409 1282 507 1366 124,
528 1283 579 1370 3).
598 1282 702 1348 Porro
722 1283 905 1371 aliquando
924 1285 976 1350 hae
995 1285 1118 1350 litterae
1137 1285 1291 1350 revelant
1308 1285 1381 1348 haec
1399 1291 1458 1349 aut

333 1395 392 1460 illa
419 1395 506 1460 facta
533 1417 608 1484 quae
634 1397 712 1484 plus
738 1397 894 1464 minusve
920 1405 1138 1487 opponuntur
1163 1398 1214 1463 iili
1239 1397 1399 1487 probitati
1424 1405 1458 1463 et

333 1510 504 1576 honestati
529 1533 673 1576 morum.
702 1511 751 1576 De
777 1535 843 1598 quo
871 1513 942 1576 haec
968 1511 1136 1578 dicenda:
1165 1515 1195 1578 1.
1222 1512 1259 1579 Si
1283 1512 1364 1577 talia
1389 1512 1457 1576 siut

333 1623 392 1688 illa
412 1623 500 1690 facta
520 1625 687 1705 revelata,
710 1648 785 1713 quaa
809 1627 992 1692 ostendant
1015 1625 1232 1692 candidatum
1256 1649 1330 1690 esse
1354 1627 1457 1691 sacris

334 1737 510 1802 ordinibus
535 1738 731 1826 indignum,
760 1739 976 1828 repellendus
1005 1748 1074 1821 est,
1099 1764 1133 1806 v.
1160 1765 1210 1828 g.,
1235 1740 1264 1804 si
1290 1739 1459 1806 reveletur

334 1875 410 1917 eum
431 1875 506 1918 esse
521 1851 708 1934 ebriosum,
726 1853 951 1942 impudicum,
969 1854 1095 1935 furem,
1112 1862 1197 1934 etc.;
1214 1893 1258 1903 —-
1273 1855 1305 1919 2.
1323 1853 1360 1919 Si
1377 1853 1457 1918 talia

334 1967 402 2032 sint
430 1966 535 2046 iacta,
566 1989 640 2054 quaa
673 1968 797 2053 corrigi
830 1969 977 2056 possint,
1009 1976 1044 2033 et
1075 1991 1190 2034 revera
1220 1973 1367 2047 constet,
1398 1989 1458 2055 per

334 2081 538 2146 documenta
556 2082 760 2168 posteriora,
782 2107 816 2146 v.
838 2107 888 2170 g.,
910 2107 970 2171 per
988 2083 1182 2148 testimonia
1207 2082 1456 2148 moderatorum

334 2195 523 2276 seminarii,
545 2195 770 2261 ordinandum
794 2221 867 2262 esse
888 2197 1122 2279 emendatum,
1143 2203 1177 2261 et
1196 2197 1243 2261 ita
1263 2195 1400 2283 quidem
1419 2201 1458 2258 ut

333 2332 413 2374 vere
434 2333 544 2373 mores
564 2311 636 2397 ejus
651 2310 746 2397 digni
766 2311 835 2375 sint
849 2312 955 2378 sacris
969 2310 1156 2392 ordinibus,
1174 2310 1308 2376 admitti
1322 2317 1455 2396 potest3

334 2461 377 2473 -
393 2425 424 2489 3.
443 2423 602 2503 Demum,
620 2425 649 2488 si
669 2425 756 2490 iacta
775 2425 925 2490 revelata
944 2425 1068 2512 corrigi
1082 2425 1220 2512 quidem
1236 2423 1381 2512 possint,
1398 2421 1458 2487 sed

334 2538 486 2603 nondum
512 2545 646 2603 constet
673 2538 899 2604 ordinandum
929 2539 1147 2604 emendatum
1172 2561 1247 2603 esse
1273 2552 1312 2603 'eo
1339 2537 1457 2617 modo,

335 2675 436 2740 quem
455 2653 630 2741 requirant
648 2653 735 2718 sacri
755 2654 903 2733 ordines,
918 2653 1036 2719 dilatio
1056 2653 1259 2742 imponenda
1279 2659 1333 2718 est
1352 2653 1459 2716 donec

335 2767 377 2832 de
397 2767 631 2832 emendatione
656 2773 799 2832 constet.

384 2996 477 3064 129.
493 3035 536 3046 --
550 2996 686 3065 Poenae
705 3003 844 3065 contra
862 2995 1057 3076 violantes
1075 2995 1203 3084 legem
1220 2995 1269 3064 de
1284 2995 1461 3064 testimo-

336 3109 525 3178 nialibus

384 3227 418 3288 1⁰
438 3224 655 3290 Innocentius
678 3223 758 3304 Xll,
781 3225 815 3288 iu
839 3223 932 3289 bulla
955 3223 1204 3309 Speculatores,
1229 3221 1318 3308 §8¹,
1344 3245 1462 3311 poenas

338 3346 504 3404 statuerat
537 3346 655 3404 contra
690 3338 873 3403 violatores
908 3361 977 3403 suae
1012 3337 1285 3418 constitutionis3
1319 3337 1349 3403 si
1381 3335 1463 3425 quid

339 3477 459 3541 nempe
478 3461 672 3541 peccaretur
692 3461 810 3517 contra
824 3453 910 3516 hanc
929 3451 1075 3532 bullam,
1093 3451 1253 3517 ordinans
1277 3473 1463 3540 suspensus

339 3577 411 3632 erat
434 3569 507 3655 ipso
531 3567 620 3632 iacto
645 3591 664 3632 a
688 3565 868 3631 collatione
892 3566 1050 3631 ordinum
1073 3589 1133 3654 per
1157 3587 1300 3646 annum,
1323 3571 1359 3630 et
1375 3563 1464 3628 ordi-

339 3689 440 3747 natus
458 3680 500 3745 ab
516 3681 675 3746 exercitio
690 3681 818 3746 ordinis
833 3681 999 3768 suscepti,
1016 3678 1060 3745 ad
1073 3679 1323 3768 beneplacitum
1337 3677 1465 3766 proprii

340 3795 520 3862 Ordinarii.
546 3833 590 3843 —
614 3795 696 3861 Pius
715 3803 830 3862 autem
857 3794 921 3875 IX,
939 3795 975 3858 in
1001 3793 1094 3858 bulla
1119 3794 1320 3879 Apostolicae
1350 3791 1462 3875 Sedis,

340 3934 408 3975 non
439 3910 640 3974 memoravit
667 3933 802 3997 poenam
833 3916 950 3974 contra
979 3909 1177 3972 ordinatum
1204 3909 1296 3996 (quic
1323 3907 1466 3994 proinde

340 4025 521 4112 cessavit);
551 4025 662 4111 quoad
688 4047 824 4112 poenam
851 4032 967 4088 contra
993 4023 1223 4102 ordinantem,
1250 4043 1318 4086 non
1344 4021 1467 4087 statuit

372 4260 381 4294 ¹
400 4259 657 4328 putl.n0m.,t.1x.
675 4274 700 4320 p.
717 4263 771 4305 376.
