3300 5056
413 472 458 524 DE
476 472 686 525 TEMPORIBUS
705 473 747 524 ΕΤ
764 473 849 526 Loco
867 473 1124 527 onnlnsrlonun
1275 472 1327 527 261

203 621 342 682 cautum
369 615 415 681 sit
440 623 480 684 ut
507 615 685 706 episcopus
711 617 764 684 uti
790 623 937 706 nequeat
964 596 1097 686 indulto
1123 627 1222 685 cetra
1245 623 1329 706 fines

203 731 361 800 dioecesis.
378 730 435 798 Sic
454 730 602 820 episcopi
618 731 786 797 Americae
805 737 968 819 septeni„
986 733 1056 821 qui,
1073 732 1108 800 vi
1127 733 1329 801 facultatum

202 844 374 911 Formuiae
397 845 432 928 I,
458 851 524 912 ert.
551 844 588 928 l,
612 851 758 934 possunt
783 844 936 912 conferre
962 846 1098 914 ordines
1123 855 1220 914 cetra
1248 857 1328 918 tem-

198 981 304 1046 pora,
329 981 398 1026 non
422 959 654 1048 possunthoc
677 959 839 1026 facultate
862 961 914 1026 uti
937 969 1034 1026 cetra
1056 963 1142 1047 fines
1164 963 1326 1049 dioecesir,

202 1081 242 1140 ut
260 1096 420 1163 expresse
439 1079 578 1140 cavetur
596 1074 694 1158 inid,
715 1074 751 1140 in
770 1081 834 1140 art.
855 1075 931 1142 29¹.

249 1191 284 1257 5⁰
306 1189 355 1256 De
383 1190 521 1256 lectione
548 1189 774 1256 indultorum.
802 1229 847 1242 -
873 1189 913 1256 ln
938 1190 1133 1276 Pontificali
1157 1191 1325 1275 Romane,

203 1311 292 1394 part.
318 1303 351 1388 l,
379 1304 434 1372 tit.
458 1305 509 1370 De
537 1305 715 1371 ordinibus
743 1305 973 1390 conserendis,
998 1308 1015 1390 ἓ
1039 1305 1135 1372 Idem
1162 1313 1327 1389 servetur,

204 1419 253 1484 sic
272 1419 460 1485 statuitur:
483 1419 562 1484 «Et
580 1425 763 1508 antequam
782 1418 825 1484 ad
845 1418 1063 1485 collationem
1082 1417 1238 1484 ordinum
1253 1441 1330 1507 pro-

204 1532 356 1615 cedatur,
378 1532 505 1621 legitur
529 1533 729 1598 mandatum
753 1533 992 1620 apostolicum,
1017 1534 1085 1598 eive
1107 1533 1327 1620 supplicatis,

204 1647 302 1736 cujus
324 1647 442 1734 vigore
465 1646 617 1736 pontifici
640 1646 786 1713 facultas
810 1647 1008 1712 conceditur
1031 1646 1230 1728 ordinandi;
1257 1647 1331 1735 qui-

203 1759 269 1827 bus
287 1761 403 1844 lectis,
425 1761 508 1826 dicit
526 1760 678 1849 pontifex
696 1761 766 1826 Deo
788 1762 920 1847 pretias
925 1811 936 1846 ,
958 1767 992 1828 et
1015 1761 1058 1826 ad
1082 1760 1330 1826 ordinationem

203 1875 369 1963 procedit.
399 1901 416 1937 n
453 1874 660 1940 Mandatum
696 1875 919 1962 apostolicum
956 1875 1073 1941 stricte
1110 1874 1241 1942 dictum
1278 1879 1331 1940 est

203 1988 409 2077 rescriptum
428 1989 471 2056 R.
494 1989 684 2072 Pontificis,
706 2011 774 2077 quo
793 1987 892 2077 jubet
914 1995 974 2054 aut
997 1995 1096 2055 cavet
1118 1995 1158 2054 ut
1180 1988 1242 2054 tali
1265 1987 1332 2054 ole-

204 2102 274 2168 rico
298 2102 490 2168 conferatur
513 2103 595 2167 ordo
619 2125 714 2168 sacer
739 2110 835 2169 extra
860 2109 1030 2191 tempora,
1053 2109 1087 2169 et
1111 2103 1329 2190 supplicatio,

205 2239 248 2282 ex
266 2222 383 2282 tenore
402 2216 501 2283 relati
519 2223 647 2300 textus,
669 2216 755 2282 nihil
773 2217 868 2282 aliud
886 2240 962 2283 esse
979 2216 1114 2283 videtur
1132 2240 1236 2306 quam
1259 2217 1331 2306 ipse

203 2329 341 2397 libellus
367 2331 514 2421 supplex
542 2330 585 2397 ab
615 2331 678 2397 hoc
706 2331 829 2398 clerico
853 2332 895 2398 R.
921 2330 1079 2396 Pontifici
1107 2330 1258 2413 oblatus,
1289 2330 1331 2396 ad

204 2445 301 2533 cujus
319 2445 447 2512 calcem
469 2443 672 2534 subscripsit
690 2445 865 2528 Pontifex,
886 2444 1029 2533 petitam
1049 2445 1193 2533 gratiam
1212 2467 1331 2511 conce·

203 2558 308 2642 dens;
330 2583 405 2648 quae
423 2559 566 2650 proinde
584 2559 787 2649 supplicatio
811 2559 994 2648 aequivalet
1017 2560 1177 2624 mandato
1200 2566 1332 2645 aposto-

205 2674 280 2740 lico.
303 2675 377 2740 Hoc
396 2696 477 2762 ergo
497 2675 698 2740 mandatum
717 2673 788 2740 sive
811 2673 1012 2760 supplicatio
1036 2672 1105 2760 legi
1128 2670 1229 2738 debet
1252 2678 1331 2738 ante

204 2787 421 2854 collationem
451 2787 625 2871 ordinum,
655 2795 694 2854 ut
721 2793 855 2854 constet
881 2787 922 2852 de
950 2786 1059 2875 gratia
1089 2809 1267 2868 concessa,
1298 2793 1332 2852 et
1412 2833 1415 2841 -

203 2903 296 2986 ideo,
325 2901 413 2968 fecta
441 2902 603 2986 lectione,
632 2901 715 2968 dicit
742 2901 921 2992 pontifex:
947 2901 1016 2966 Deo
1040 2901 1182 2988 pretias.
1204 2900 1330 2967 Verum

202 3016 268 3082 huc
294 3039 363 3082 non
389 3017 560 3106 pertinent
585 3015 718 3082 indulta
745 3016 917 3102 generalia
944 3015 1028 3104 ipsis
1054 3014 1221 3104 episcopis
1252 3037 1331 3080 con-

203 3153 298 3196 cessa
319 3130 361 3196 de
381 3129 594 3196 conferendis
613 3129 789 3196 ordinibus
807 3137 904 3195 extra
925 3136 1089 3216 tempora,
1106 3151 1169 3194 nec
1188 3127 1328 3216 proinde

202 3244 347 3333 legenda
367 3250 447 3311 sunt
469 3243 504 3310 in
528 3244 752 3310 ordinatione.
773 3243 871 3311 Unde
890 3243 926 3310 S.
949 3219 1075 3332 Congu
1097 3241 1330 3331 Inquisitionis

202 3357 387 3425 declaravit
412 3381 481 3423 non
507 3381 583 3424 esse
608 3358 787 3448 legendam
812 3359 847 3424 in
876 3357 1087 3424 ordinatione
1102 3347 1107 3360 ⁵
1118 3357 1326 3443 formalem,

202 3472 463 3562 quoepiscopis
491 3472 703 3538 Americanis
732 3471 928 3538 conceditur
954 3477 1106 3562 potestas
1134 3469 1328 3537 conferendi

202 3586 339 3652 ordines
358 3591 454 3652 extra
472 3591 657 3675 tempora².

233 3815 242 3849 ¹
260 3813 454 3878 cellensisc,
475 3813 706 3864 Commentarium
726 3812 930 3876 infrenitatem
951 3816 1014 3873 etc„
1034 3828 1060 3864 n.
1083 3817 1142 3874 172,
1162 3813 1204 3863 ed.
1221 3813 1326 3872 Putzer,

200 3909 228 3958 p.
241 3897 298 3942 000.

231 3971 244 4006 ¹
258 3971 311 4020 Die
325 3971 411 4036 rjulii
425 3973 496 4032 1001,
511 3971 540 4020 in
556 3971 728 4022 Collectsnes
741 3970 767 4020 S.
782 3971 811 4020 C.
824 3969 858 4020 de
869 3969 951 4034 Prop.
965 3967 1044 4028 Fide,
1060 3985 1087 4018 n.
1102 3974 1172 4028 1100,
1188 3985 1215 4033 p.
1228 3972 1283 4019 100.
1296 3995 1327 4006 -

201 4049 391 4114 Respondent
406 4048 433 4098 S.
450 4049 505 4099 nit.
519 4049 627 4114 Congu,
642 4049 670 4098 in
686 4048 844 4109 Qnebecen„
858 4054 888 4098 00
903 4049 966 4098 maii
981 4053 1055 4108 1005,
1071 4049 1105 4097 sd
1120 4053 1147 4108 5,
1163 4047 1325 4105 Gardellini‚

200 4129 245 4179 ed.
257 4133 281 4188 0,
297 4143 324 4178 n.
338 4131 410 4187 ⁴751,
422 4127 565 4191 legendum
578 4143 638 4178 csse
650 4128 678 4176 in
691 4127 863 4178 ordinatione
873 4127 958 4176 Breve
971 4125 1157 4192 apostolicum,
1170 4126 1326 4175 facultatem

200 4207 326 4258 tribuens
336 4205 493 4255 conferendi
505 4205 615 4255 ordines
627 4209 703 4255 extra
713 4209 845 4268 tempore.
857 4205 888 4253 ln
903 4206 1050 4255 novissime
1065 4203 1226 4270 collectione
1236 4203 1327 4252 decre-

202 4288 292 4336 torum
306 4285 363 4350 (an.
377 4285 540 4347 1898·19⁰⁰),
553 4284 653 4334 omissa
668 4287 710 4334 est
724 4284 783 4334 hoec
796 4284 947 4348 responsio.
