3248 5052
640 501 841 586 DOCUlllENTll
1253 499 1303 552 623
1352 576 1354 584 Ι

218 647 288 706 Non
313 645 526 718 obstantibus,
550 653 705 728 quatenus
729 665 808 724 opus
829 643 884 716 sit,
906 644 1035 719 Nostra,
1057 652 1088 704 et
1111 644 1303 704 cancellariae

177 741 356 824 apostolioae
371 740 478 821 regula
494 741 532 800 de
544 740 615 822 jure
631 740 763 821 quaesito
779 761 842 800 non
857 740 1008 814 tollendo,
1025 739 1155 821 aliisque
1175 747 1303 820 aposto·
1355 755 1358 762 ⁴

177 838 260 912 licis,
278 858 314 898 ac
329 838 360 896 in
376 836 620 916 universalibus,
638 835 882 917 provincialibus
898 843 930 896 et
949 835 1150 916 synodalibus
1165 835 1304 896 conciliis

177 935 268 994 editis
283 933 478 1012 generalibus
493 932 544 992 vel
559 932 744 1014 specialibus
759 931 1036 992 constitutionibus
1051 937 1084 992 et
1102 932 1304 993 ordinationi-

178 1031 251 1106 bus,
269 1051 326 1090 nec
342 1051 404 1090 non
419 1030 594 1112 quibusvis,
611 1029 704 1089 etiam
717 1031 908 1112 juramento,
925 1029 1161 1090 confirmatione
1176 1035 1303 1110 aposto-

177 1127 252 1202 liea,
269 1125 319 1187 vel
335 1127 445 1207 quavis
464 1127 610 1186 firmitate
625 1127 684 1186 alia
703 1126 858 1186 roboratis
878 1127 1003 1186 statutis
1018 1132 1051 1184 et
1069 1125 1303 1186 consuetudini-

179 1223 237 1283 bus
256 1224 349 1283 etiam
370 1222 683 1296 immemorabilibus,
705 1222 875 1303 privilegiis
895 1243 1037 1303 quoque,
1054 1222 1304 1302 exemptionibus

178 1327 210 1380 et
225 1317 354 1380 indultis
373 1319 466 1379 etiam
486 1319 518 1377 in
538 1339 669 1400 corpore
685 1318 766 1400 juris
785 1318 916 1390 clausis,
933 1325 987 1378 aut
1007 1317 1105 1377 literis
1124 1317 1304 1398 apostolicis

179 1416 342 1496 quibusvis
358 1416 509 1496 personis,
526 1415 680 1494 collegiis»,
697 1415 791 1490 locis,
808 1414 978 1474 Ordinibus
993 1415 1086 1474 etiem
1106 1414 1302 1486 militaribus,

179 1512 488 1591 congregationibus,
512 1511 713 1571 societatibus
738 1518 769 1570 et
792 1510 958 1584 institutis,
981 1510 1089 1570 aliisve
1113 1511 1305 1592 quibuslibet

179 1609 322 1689 specifica
338 1617 370 1668 et
384 1607 544 1668 individua
565 1608 722 1668 mentione
737 1607 854 1687 dignis,
869 1607 962 1667 etiam
982 1607 1040 1667 sub
1055 1607 1304 1690 quibuscumque

180 1705 346 1765 verborum
363 1704 523 1764 tenoribus
543 1711 574 1764 et
593 1704 717 1776 lormis,
734 1710 850 1763 etcum
866 1703 1029 1786 quibusvis
1047 1704 1139 1763 etiam
1156 1703 1303 1764 clausulis

179 1808 210 1860 et
229 1800 362 1860 decretis
381 1802 475 1861 etiam
494 1801 763 1880 derogatoriarum
783 1799 988 1878 derogatoriis
1007 1808 1039 1860 et
1058 1799 1252 1860 irritantibus
1271 1799 1303 1860 in

179 1917 293 1976 genere
308 1897 357 1957 vel
375 1897 489 1978 specie,
507 1897 599 1956 etiam
616 1903 704 1956 motu
719 1895 828 1970 simili,
845 1904 876 1955 et
891 1895 929 1955 de
944 1896 1124 1976 apostolicae
1140 1889 1303 1976 potestatis

180 1993 384 2073 plenitudine,
406 2014 461 2052 seu
481 1992 749 2069 consistorialiter,
770 2013 805 2052 ac
825 1992 900 2052 alias
920 1991 1157 2072 quomodolibet
1176 1993 1206 2052 in
1227 2013 1302 2053 con-

178 2089 308 2149 trarium
330 2089 559 2169 praemissorum
580 2089 750 2162 concessis,
772 2109 807 2148 ac
827 2089 943 2168 pluries
962 2089 1168 2162 confirmatis,
1190 2110 1303 2170 appro-

179 2185 271 2259 batis,
288 2193 319 2246 et
334 2185 500 2246 innovatis.
517 2185 635 2253 Quibus
651 2185 795 2244 omnibus
811 2193 842 2244 et
857 2184 997 2264 singulis,
1014 2185 1108 2244 etiam
1122 2186 1147 2244 si
1163 2206 1220 2266 pro
1234 2185 1303 2245 illo-

179 2303 247 2341 rum
263 2281 429 2342 sufficienti
442 2281 643 2361 derogatione
657 2281 695 2340 de
711 2280 772 2340 illis
787 2301 956 2362 eorumque
972 2281 1132 2341 tenoribus
1147 2281 1301 2362 specialis,

179 2379 321 2458 specifica
343 2385 374 2437 et
395 2377 556 2438 individua
578 2378 711 2450 mentio,
733 2399 787 2437 seu
809 2377 928 2458 quaevis
950 2376 1010 2437 alia
1031 2379 1188 2458 expressio
1210 2378 1248 2437 ad
1270 2377 1301 2437 id

180 2474 331 2534 servanda
355 2474 452 2547 loret,
469 2473 594 2534 illorum
618 2482 757 2544 tenores,
779 2473 910 2548 lormas,
927 2493 1050 2546 causas,
1072 2480 1103 2533 et
1124 2474 1302 2534 occasiones

179 2571 385 2650 praesentibus
410 2591 466 2651 pro
491 2571 581 2651 plene
606 2577 638 2629 et
663 2569 855 2629 sufficienter
878 2570 1033 2650 expressis
1055 2578 1087 2629 et
1108 2571 1302 2630 exactissime

179 2667 310 2726 servatis
322 2674 353 2727 et
366 2666 549 2747 specificatis
560 2666 731 2746 respective
743 2665 903 2740 habentes,
915 2665 976 2724 illis
989 2664 1064 2726 alias
1076 2666 1108 2725 in
1121 2687 1178 2726 suo
1190 2665 1302 2726 robore

179 2761 404 2842 permansuris,
433 2761 490 2822 bac
517 2761 585 2821 vioe
611 2761 788 2832 dumtaxat,
817 2760 856 2820 ad
882 2761 1113 2841 praemissorum
1140 2763 1300 2836 ellectum,

180 2856 358 2938 plenissime
380 2865 411 2917 et
432 2857 637 2938 amplissime,
661 2865 748 2916 motu
771 2857 837 2937 pari
859 2857 1046 2937 derogamus
1067 2865 1099 2917 et
1119 2857 1301 2937 derogatum

179 2974 245 3013 esse
261 2953 417 3026 volumus,
433 2953 607 3034 ceterisque
622 2954 785 3013 contrariis
801 2953 1060 3034 quibuscumque.

219 3049 372 3111 Volumus
391 3050 519 3130 insuper
539 3057 571 3109 et
594 3049 702 3109 eadem
724 3049 909 3109 auctoritate
934 3049 1081 3129 praedicta
1102 3051 1300 3126 mandamus,

179 3151 214 3206 ut
228 3145 345 3206 eaedem
361 3153 547 3226 praesentes,
567 3153 598 3205 et
617 3145 648 3204 in
664 3145 708 3204 eis
727 3152 875 3205 contenta
889 3167 1094 3228 quecumque
1109 3147 1148 3207 ad
1163 3149 1301 3208 omnium

179 3242 321 3302 notitiam
345 3240 465 3302 lacilius
484 3241 689 3314 deducantur,
712 3261 768 3300 nec
788 3242 952 3322 quisquam
973 3241 1011 3301 de
1033 3243 1077 3302 eis
1096 3244 1302 3323 ignorantiam

179 3339 373 3420 praetendere
393 3338 509 3412 valeat,
527 3339 610 3418 ipsas
630 3345 814 3418 praesentes,
832 3359 886 3396 seu
905 3359 1011 3397 earum
1032 3346 1242 3422 transumpta,
1263 3341 1302 3400 ad

179 3435 286 3495 valvas
306 3435 444 3496 ecclesiae
464 3433 563 3494 sancti
582 3434 710 3494 loannis
732 3435 761 3492 in
787 3434 957 3506 Laterano,
979 3442 1010 3495 et
1031 3435 1165 3496 basilicae
1187 3438 1302 3518 princi-

179 3533 225 3613 pis
241 3531 454 3612 apostolorum
470 3530 507 3590 de
525 3529 624 3604 Urbe,
641 3550 773 3590 necnon
789 3529 981 3590 cancellariae
997 3531 1192 3612 apostolicas,
1209 3535 1302 3594 curiae

178 3628 331 3707 generalis
359 3627 590 3686 lunocentianae
616 3625 647 3684 in
674 3633 779 3686 moute
807 3625 959 3686 Citatorio
985 3635 1017 3686 et
1047 3628 1079 3686 in
1107 3630 1173 3689 acie
1193 3629 1303 3711 Campi

180 3723 291 3797 Florae,
307 3743 362 3805 per
376 3723 511 3803 aliquem
528 3743 565 3782 ex
580 3722 758 3782 cursoribus
774 3723 907 3796 Nostris,
921 3731 956 3782 ut
971 3725 1065 3783 moris
1080 3731 1138 3799 est,
1152 3725 1303 3806 publicari

179 3827 210 3882 et
227 3819 327 3904 alfigi,
344 3819 450 3900 sicque
466 3818 640 3900 publicatas
655 3825 686 3878 et
707 3819 817 3878 alfixas
836 3839 944 3878 omnes
960 3826 991 3879 et
1014 3820 1153 3901 singulos
1170 3823 1210 3882 ad
1225 3844 1303 3904 quos

179 3923 315 3998 spectat,
340 3937 394 3976 seu
414 3914 569 3996 spectabit
587 3915 619 3974 in
639 3914 796 3987 loturum,
818 3914 945 3995 perinde
967 3915 1091 3978 allicere
1113 3925 1145 3978 et
1165 3926 1301 3991 arctare,

179 4034 214 4073 ac
248 4013 273 4073 si
304 4011 471 4093 unicuique
502 4011 627 4070 illorum
657 4010 861 4090 personaliter
891 4011 1042 4072 intimatae
1073 4021 1106 4074 et
1135 4014 1302 4075 notificatae

179 4109 321 4169 luissent.

221 4204 324 4285 thue
341 4201 519 4264 earumdem
536 4202 735 4284 praesentium
752 4204 954 4284 transumptis
975 4225 1029 4264 seu
1045 4205 1194 4286 exemplis
1209 4207 1303 4268 etiarn

180 4301 352 4381 impressis,
379 4320 471 4360 manu
496 4298 628 4380 alicujus
654 4299 766 4358 notarii
794 4299 910 4380 publici
934 4300 1118 4382 subscriptis
1142 4323 1177 4363 ac
1202 4303 1303 4384 sigillo
