3300 5056
506 481 550 530 DE
568 480 728 532 sumsero
747 479 985 533 onomarlonrs
1259 479 1309 549 ¹⁹3

182 623 359 710 liturgica,
386 623 474 688 sicul
500 623 590 712 apud
616 647 679 690 nos
708 625 884 689 Romanus
908 624 1084 708 Pontilex;
1116 627 1204 692 sicut
1230 646 1311 713 orgo

184 737 362 803 Romanus
385 736 546 802 Pontifex
570 743 702 826 posset,
728 743 892 825 utputo,
918 737 1097 804 habilitare
1121 740 1245 805 laicum
1269 739 1313 804 ad

183 849 435 916 infundendum
453 851 573 915 vinum
592 859 627 916 et
646 874 771 939 aquam
789 853 825 916 in
844 852 1001 934 calicem,
1023 855 1072 919 sic
1091 861 1225 942 poterat
1244 851 1315 944 epi·

150 1041 154 1050 ¹
184 989 326 1054 scopus,
361 965 452 1052 apud
485 963 765 1053 Monophysitas,
800 965 979 1032 habilitare
1012 966 1239 1034 diaconissam
1271 967 1315 1034 ad

186 1079 346 1146 eumdem
378 1085 509 1160 actum,
542 1079 731 1167 praesertim
759 1102 820 1166 per
852 1080 991 1146 modum
1019 1083 1240 1169 exceptionis.
1269 1119 1315 1132 -·

186 1193 349 1258 Ceterum
376 1193 405 1258 si
431 1193 485 1257 cui
510 1216 579 1257 non
605 1193 751 1259 arrideat
782 1194 852 1259 haec
882 1173 1074 1283 responsio,
1100 1195 1224 1261 addam
1247 1219 1315 1261 non

188 1307 302 1372 omnia
322 1329 398 1395 quae
421 1308 508 1372 liunt
531 1307 622 1396 apud
641 1307 833 1390 haereticos,
855 1331 955 1396 posse
975 1310 1137 1397 imputari
1156 1311 1316 1376 Ecclesiae

188 1421 383 1508 catholicae,
405 1430 464 1487 aut
483 1421 598 1486 induci
616 1429 656 1486 ut
674 1445 794 1487 verum
809 1423 879 1510 jus.

236 1537 279 1601 D.
301 1536 348 1602 Ut
372 1559 472 1626 supra
497 1536 609 1601 visum
634 1545 686 1602 est
707 1539 758 1626 (n.
782 1537 853 1624 72,
878 1538 931 1626 2⁰)
956 1539 1130 1604 simillima
1154 1546 1207 1604 est
1231 1538 1320 1604 ordi-

189 1651 284 1716 natio
316 1649 515 1715 diaconissae
546 1650 752 1716 ordinationi
782 1652 932 1734 diaconi,
966 1653 1069 1718 etiam
1100 1654 1134 1718 in
1164 1653 1318 1742 partibus

191 1763 449 1846 essentialibus;
472 1765 608 1852 signum
632 1789 712 1852 ergo
736 1771 891 1853 apertum
915 1773 968 1831 est
987 1767 1190 1850 Ecclesiam,
1211 1769 1247 1833 in
1266 1767 1320 1832 his

190 1879 278 1944 locis
296 1877 355 1943 uhi
373 1879 408 1943 in
431 1901 497 1944 usu
516 1888 589 1944 erat
612 1879 684 1944 haeo
703 1879 888 1962 ordinatio,
909 1881 1084 1968 putavisse
1103 1882 1173 1946 vim
1193 1882 1321 1947 ordinis

193 2001 229 2060 el
248 1995 451 2059 sacramenti
466 1994 543 2082 jure
563 1994 679 2059 divino
698 1995 847 2060 instituti
866 1995 977 2060 inesse
995 1995 1074 2061 huic
1093 1997 1185 2063 ritui.

240 2110 354 2195 Hesp,
376 2108 628 2174 conclusionem
647 2109 787 2174 minime
807 2109 903 2198 sequi
927 2132 970 2174 ex
992 2111 1193 2198 praemissis3
1216 2109 1323 2176 semel

195 2225 287 2290 enim
302 2247 341 2288 ac
357 2223 509 2288 Ecclesia
523 2223 558 2288 in
574 2224 748 2312 proposito
763 2223 882 2290 habuit
896 2223 1098 2311 inaugurare
1114 2224 1324 2290 diaconissas

194 2362 256 2429 per
274 2338 424 2426 aliquem
438 2337 542 2402 ritum
558 2361 707 2418 sacrum,
725 2360 870 2426 pronum
890 2345 962 2404 erat
975 2347 1015 2404 ut
1029 2339 1218 2406 imitaretur
1233 2337 1325 2403 ordi·

194 2453 371 2520 nationem
396 2452 625 2533 diaconalem;
652 2459 773 2516 notum
796 2459 849 2517 est
873 2453 964 2518 enim
984 2453 1172 2519 Ecclesiam
1196 2453 1231 2518 in
1254 2451 1325 2518 suis

195 2567 501 2635 sacramentalibus
538 2565 680 2646 imitari,
716 2573 882 2654 quantum
920 2566 970 2631 fas
1008 2573 1077 2648 est,
1115 2575 1325 2632 sacramenta

197 2683 339 2750 Christi.
375 2680 553 2762 Ceterum,
593 2680 707 2768 quoad
749 2681 996 2767 impositionem
1035 2703 1216 2764 manuum,
1251 2701 1326 2745 eam

198 2797 387 2887 saepissime
403 2794 540 2860 adhibet
556 2795 720 2876 Ecclesia,
737 2794 841 2859 etiam
856 2800 953 2859 extra
968 2801 1197 2874 sacramenta3
1215 2792 1328 2882 quoad

199 2911 443 2979 invocationem
462 2910 581 2995 qratia
596 2907 747 2995 Spiritus
761 2908 889 2993 Sancti,
908 2931 982 2974 eam
1002 2908 1105 2974 etiam
1125 2930 1215 2996 saepe
1235 2905 1328 2972 adhi-

198 3028 257 3093 bet
281 3032 377 3092 extra
406 3023 582 3112 quodlibet
606 3029 872 3102 sacramentum,
899 3045 931 3086 v.
959 3045 1008 3110 g.,
1035 3022 1070 3086 in
1092 3021 1328 3087 benedictione

199 3141 347 3221 abbatis,
369 3139 404 3204 in
425 3136 641 3204 coronatione
662 3136 763 3222 regis,
786 3143 850 3201 etc.
868 3135 1024 3201 -Unde
1044 3159 1086 3201 ex
1105 3136 1173 3200 ritu
1191 3134 1328 3200 ordina-

199 3256 305 3322 tionis
324 3253 593 3319 diaconissarum
616 3249 702 3314 nihil
725 3249 882 3314 concludi
903 3255 1018 3336 potest
1041 3248 1153 3338 quoad
1176 3247 1328 3314 divinam

199 3369 453 3437 institutionem
473 3365 757 3444 diaconissarum;
781 3363 842 3428 sed
865 3386 928 3428 nec
953 3371 1005 3428 est
1024 3363 1126 3428 etiarn
1146 3386 1206 3428 cur
1223 3362 1328 3428 Arca-

200 3485 279 3550 dius
299 3482 479 3548 invehatur
499 3480 534 3544 in
554 3479 643 3544 hunc
663 3477 887 3544 ordinationis
912 3479 1031 3558 ritum,
1053 3483 1218 3566 tanquam
1236 3498 1328 3542 crro-

201 3622 306 3665 neum
325 3604 360 3662 et
380 3595 606 3660 haereticum.

234 3821 244 3854 ¹
261 3817 409 3875 Arcadius,
426 3815 466 3864 De
484 3812 630 3863 concordia
647 3811 776 3862 Ecclesia
794 3809 970 3862 occidentalia
988 3811 1015 3859 et
1033 3809 1190 3868 orientalia,
1210 3809 1259 3860 lib.
1276 3809 1326 3867 VI,

201 3916 226 3950 c.
241 3915 272 3958 x,
290 3897 404 3947 Lutetia
419 3894 594 3948 Parisiorum,
609 3896 680 3950 1626,
696 3906 724 3954 p.
739 3894 799 3950 ⁴7⁴3
817 3903 988 3938 «erroneum
1003 3889 1088 3951 (hunc
1103 3889 1210 3951 ritum),
1225 3887 1327 3951 inquit,

202 3993 262 4028 esse
274 3977 378 4040 judico,
389 3975 444 4022 imo
460 3969 630 4028 hereticum,
642 3986 692 4034 pcr
705 3983 874 4032 consequens
890 3967 1114 4031 improbandum,
1126 3971 1208 4031 atque
1218 3965 1327 4016 omnino

202 4053 424 4123 rejiciendum
448 4079 476 4088 -
499 4049 538 4099 Cf.
559 4049 666 4108 Pinius,
688 4047 727 4097 Da
746 4047 810 4097 eccl.
831 4043 1006 4105 diaconissis,
1027 4061 1053 4096 n.
1074 4051 1103 4095 ³7
1125 4061 1177 4109 sq..
1200 4045 1250 4094 loc.
1270 4041 1326 4102 cit,

202 4152 230 4200 p.
246 4149 292 4184 vnr
308 4147 349 4196 sq.
