3290 5060
298 509 342 558 DE
361 508 547 560 onninanlo
566 510 608 560 ΕΤ
626 508 785 561 LEGlTlMO
804 508 1042 560 onnlnmlonls
1061 507 1221 559 Mlnlsuno
1290 505 1324 558 80

114 689 118 698 ·
195 650 407 716 domicilium
417 674 484 738 per
494 661 632 738 patrem
649 653 809 738 lepitimc,
828 659 866 716 ut
875 655 1079 738 prefertur,
1096 659 1321 735 contractum,

194 788 256 853 pro
275 766 489 832 ordinatione
509 767 663 854 ejusdem
681 766 743 830 filii
762 765 893 831 attendi
912 764 1045 832 debet&
1067 791 1084 826 n
1104 765 1205 850 Ergo,
1223 763 1320 846 licet,

193 887 347 968 tempore
366 879 558 946 nativitatis
578 879 724 946 fortuitae
745 879 806 944 lilii
825 880 860 945 in
880 879 1018 944 dioecesi
1037 879 1082 960 A,
1103 886 1201 968 pater
1217 877 1332 943 habu-'

193 993 258 1058 erit
277 995 394 1060 sedem
418 994 576 1060 stabilem
601 1002 660 1060 aut
682 995 786 1060 etiam
809 1017 929 1060 verum
949 993 1159 1059 domicilium
1183 993 1218 1058 in
1238 992 1323 1058 dioe-

192 1108 262 1173 cesi
282 1109 321 1190 B,
339 1108 398 1196 jus
422 1109 574 1197 episcopi
593 1111 620 1175 B
640 1109 818 1198 perimitur
835 1108 899 1174 hoc
923 1108 997 1196 ipso
1016 1109 1109 1197 quod
1126 1114 1222 1196 pater
1241 1130 1322 1172 con-

192 1221 306 1287 trahat
324 1231 444 1311 postea
463 1247 583 1290 verum
601 1223 812 1289 domicilium
831 1223 866 1287 in
886 1222 1024 1288 dioecesi
1038 1223 1087 1304 A,
1105 1221 1207 1288 etiam
1227 1229 1322 1290 extre

191 1337 388 1424 parochiam
406 1345 466 1404 aut
485 1338 659 1404 civitatem
678 1337 868 1404 nativitatis
882 1337 955 1419 filii,
973 1345 1008 1404 et
1027 1337 1161 1402 etiamsi
1179 1337 1321 1425 longum

190 1457 329 1539 tempus
343 1452 511 1518 ellluxerit
526 1477 546 1518 a
565 1459 717 1541 tempore
733 1451 922 1517 nativitatis
937 1451 998 1515 filii
1012 1473 1120 1539 usque
1135 1449 1181 1516 ad
1193 1473 1321 1515 novum

191 1563 403 1630 domicilium
418 1573 647 1648 contractum
671 1574 751 1633 tunc
771 1567 862 1632 enim
877 1565 1057 1654 episcopus
1071 1565 1104 1630 A
1120 1571 1173 1629 est
1192 1563 1321 1653 episco-

189 1701 255 1766 pus
283 1679 437 1766 originis.
463 1719 508 1731 --
532 1683 676 1764 Verum,
707 1681 736 1746 si
764 1687 861 1769 pater
889 1702 1017 1744 novum
1044 1677 1255 1744 domicilium
1285 1677 1320 1742 in

189 1792 329 1858 dioecesi
361 1793 394 1858 A
426 1802 639 1862 contractum
672 1795 859 1883 relinquat,
895 1800 977 1858 tunc
1007 1791 1227 1881 praesumitur
1256 1790 1320 1856 hoc

189 1905 401 1972 domicilium
425 1932 601 1997 nunquam
624 1908 728 1975 luisse
752 1914 965 1974 contractum
990 1905 1089 1994 (licet
1113 1905 1227 1970 forsan
1250 1928 1319 1969 non

189 2017 334 2084 deluerit
363 2021 519 2086 internus
550 2023 685 2088 animus
714 2023 801 2088 illud
831 2020 1084 2109 contrahendi),
1118 2025 1153 2085 et
1177 2018 1319 2107 proinde

188 2153 258 2196 non
289 2140 341 2197 est
371 2134 519 2222 amplius
550 2135 647 2200 locus
676 2134 826 2224 praelatae
857 2135 1066 2223 exceptioni,
1098 2156 1174 2222 quae
1204 2133 1319 2200 locum

188 2245 279 2310 cedit
301 2247 429 2332 regulae
452 2249 621 2337 generali3
645 2249 691 2316 ita
710 2249 861 2330 Lucidi',
883 2256 917 2314 et
936 2250 1064 2314 clarum
1089 2272 1165 2315 esse
1184 2247 1320 2313 videtur

188 2380 230 2422 ex
249 2359 334 2446 ipsis
353 2359 542 2426 Innocentii
562 2362 687 2428 verbis.

234 2471 270 2538 80
289 2473 387 2538 Unde
406 2475 562 2558 tandem,
582 2485 621 2543 ut
640 2476 794 2542 tradatur
811 2477 929 2564 regula
949 2475 1117 2564 generalis
1137 2482 1171 2541 et
1190 2475 1314 2560 facilis,

188 2585 252 2651 hoc
276 2585 481 2656 dicendum:
504 2588 540 2655 Si
563 2589 655 2655 filius
678 2597 780 2655 natus
804 2590 849 2655 sit
872 2591 907 2654 in
926 2590 1064 2656 dioecesi
1082 2590 1127 2670 A,
1150 2597 1184 2656 et
1207 2596 1314 2678 poten

188 2707 342 2787 tempore
357 2701 548 2768 nativitatis
563 2702 637 2783 lilii,
653 2703 809 2770 habuerit
824 2703 870 2768 ibi
886 2703 1107 2785 domicilium,
1122 2711 1182 2768 aut
1200 2702 1317 2768 sedem

188 2813 366 2900 stabilem,
388 2816 569 2905 episcopus
593 2817 747 2883 dioecesis
771 2819 803 2882 A
823 2826 876 2884 est
899 2819 1079 2907 episcopus
1101 2817 1261 2904 originis3
1288 2817 1317 2880 si

186 2951 257 2996 non
276 2927 433 2995 habuerit
452 2931 499 2995 ibi
523 2931 646 2997 saltem
666 2933 781 2998 sedem
806 2932 979 3013 stabilem,
1002 2933 1244 2998 recurrendum
1264 2939 1317 2998 est

188 3042 231 3107 ad
251 3043 450 3132 episcopum
469 3045 637 3126 dioecesis,
652 3046 688 3110 in
708 3069 786 3134 qua,
803 3054 886 3112 tunc
904 3047 1080 3135 temporis,
1098 3053 1196 3134 pater
1215 3046 1317 3111 habe·

187 3155 248 3222 bat
266 3157 389 3223 saltem
409 3159 525 3224 sedem
543 3159 720 3241 stabilem;
739 3161 768 3225 si
788 3160 911 3226 nullibi
925 3159 1092 3242 habuerit,
1110 3160 1316 3226 attendenda

187 3277 241 3335 est
260 3271 416 3337 dioecesis
435 3273 575 3362 originis
589 3275 709 3362 patris.
726 3276 863 3340 -Non
882 3281 935 3341 est
953 3275 1019 3340 nisi
1032 3275 1132 3340 unica
1146 3275 1313 3364 excepti0,

187 3407 290 3472 supra
310 3385 416 3452 relata
435 3387 471 3452 in
491 3389 535 3454 7⁰.

234 3497 271 3564 9⁰
290 3499 325 3565 Si
344 3507 497 3588 tempore
521 3504 710 3570 nativitatis
729 3505 807 3588 filii,
828 3511 925 3592 pater
947 3511 1102 3570 mortuus
1122 3504 1181 3588 sit,
1203 3503 1316 3569 omnia

189 3637 265 3702 quae
296 3636 399 3701 supra
430 3615 520 3682 dicta
551 3624 632 3682 sunt
659 3619 874 3708 applicantur
902 3619 1019 3701 matri,
1050 3620 1147 3708 cujus
1175 3618 1315 3707 proinde

189 3728 401 3795 domicilium
421 3736 481 3794 aut
500 3731 598 3797 sedes
618 3733 751 3798 stabilis
771 3733 977 3799 attendenda
997 3733 1138 3800 suntad
1158 3732 1317 3799 determi-

189 3842 341 3908 nandum
372 3843 570 3932 episcopum
598 3847 750 3934 originis,
780 3848 880 3914 Ratio
906 3855 975 3929 est,
1003 3848 1082 3937 quia
1111 3847 1199 3914 sicut
1226 3847 1316 3911 filius

191 3957 345 4044 sequitur
367 3957 578 4024 domicilium
601 3961 723 4049 patris,
750 3962 814 4040 ita,
841 3961 963 4028 saltem
987 3961 1078 4050 apud
1101 3985 1180 4042 noe,
1207 3961 1313 4043 filius,

223 4156 230 4190 ¹
249 4157 288 4206 Cl.
301 4157 421 4220 Riganti,
439 4159 488 4208 loc.
499 4159 555 4217 cit,
569 4163 581 4219 5
593 4166 616 4219 ³,
633 4175 659 4212 n.
674 4167 755 4222 18-19,
769 4177 796 4226 p.
810 4167 868 4224 34&
885 4193 911 4204 -
930 4165 1096 4224 Honornnte,
1113 4163 1163 4213 loc.
1175 4163 1231 4222 cit„
1245 4179 1269 4212 c.
1281 4177 1315 4224 ix,

193 4237 245 4284 not.
259 4241 286 4294 2,
303 4251 331 4299 p.
345 4241 386 4284 ⁹7.
545 4239 548 4245 '

220 4313 285 4362 ’Dc
300 4313 472 4374 visitatione,
488 4319 552 4374 etc..
568 4317 618 4365 loc.
634 4317 689 4376 cit,
704 4334 730 4367 n.
746 4323 788 4378 83,
806 4336 832 4384 p.
848 4327 902 4370 loa.
