3290 5060
329 485 381 539 142
553 506 555 509 ·
596 485 640 536 DE
659 485 797 536 Llfllsus
817 486 931 537 SACRAE
950 487 1188 540 onninarloms

328 630 491 718 regulari,
518 628 579 694 sed
603 629 754 693 ecclesiae
779 629 948 710 saeculari,
975 631 1075 697 titulo
1100 631 1244 698 abbatiae
1267 634 1451 721 insignitae.

329 785 371 798 -
395 743 624 810 Confirmatur
649 765 692 807 ex
717 766 812 808 conc.
839 743 946 824 Trid.‚
973 745 1030 810 cit.
1058 769 1131 834 cap.
1157 745 1368 832 Abbatibus,
1398 750 1452 829 10,

327 882 412 923 sess.
435 857 564 940 XXIII,
588 857 639 920 Dr.
659 877 744 939 nnn,
771 856 829 922 ubi
852 865 1005 946 potestas
1029 860 1223 942 ordinandi,
1245 861 1454 950 quibuslibet

328 971 507 1038 abbatibus
531 993 708 1052 concessa,
730 972 946 1058 restringitur
969 974 1013 1038 ad
1035 997 1153 1038 eorum
1176 977 1330 1040 subditos
1354 999 1454 1062 requ-

330 1087 416 1152 lares
424 1107 438 1170 ,·
456 1109 556 1173 porro
575 1084 715 1150 abbates
739 1087 919 1151 saeculares
937 1111 1006 1153 non
1032 1088 1158 1154 habent
1177 1088 1332 1156 subditos
1352 1113 1455 1176 repu-

330 1203 433 1284 leras,
462 1200 522 1264 sed
549 1207 684 1266 tantum
713 1200 903 1266 saeculares.
929 1242 974 1252 —
1000 1202 1099 1282 Quod
1128 1204 1172 1284 si,
1200 1205 1236 1268 in
1265 1205 1451 1281 territorio,

329 1316 432 1380 etiam
452 1321 619 1402 separato,
642 1313 696 1378 cui
718 1315 835 1401 praesit
859 1314 963 1380 abbas
987 1311 1180 1396 secularis.
1197 1318 1302 1382 situm
1326 1319 1371 1383 sit
1394 1319 1454 1382 ali-

326 1429 416 1517 quod
441 1427 685 1492 monasterium
709 1428 879 1514 regulare,
901 1428 964 1493 hoc
988 1430 1107 1517 procul
1131 1429 1233 1495 dubio
1256 1437 1452 1519 exemptum

325 1549 377 1607 est
401 1566 420 1606 a
435 1541 673 1629 jurisdictione
693 1540 858 1608 abbatis¹.
874 1543 1043 1623 -Unde,
1061 1544 1141 1609 licet
1160 1543 1265 1610 abbas
1281 1547 1452 1610 saecularis

326 1658 456 1722 fruatur
486 1681 551 1722 usu
583 1656 847 1744 pontificalium,
880 1657 982 1740 nihil,
1011 1659 1088 1744 jure
1117 1661 1306 1742 communi,
1339 1667 1452 1749 potest

326 1774 438 1861 quoad
457 1773 718 1837 ordinationem.

370 1889 406 1952 2⁰
425 1888 468 1951 Vi
482 1888 656 1973 privilepii
678 1886 845 1972 specialis,
867 1893 981 1974 potest
1004 1886 1110 1952 abbas
1134 1887 1305 1953 saecularis
1329 1888 1451 1954 habere

325 2003 523 2068 facultatem
542 2001 738 2080 ordinandi;
761 2001 852 2090 quod
870 2025 930 2089 per
949 2025 985 2066 se
1005 2009 1111 2088 patet.
1129 2002 1254 2068 Verum
1274 2003 1450 2090 privilegia

325 2141 486 2184 concessa
506 2124 584 2181 ante
607 2139 700 2181 conc.
724 2116 815 2184 Trid.
837 2117 923 2181 nihil
941 2117 1073 2199 valent,
1096 2117 1175 2204 quia
1200 2141 1239 2204 ea
1263 2118 1451 2204 suppressit

325 2232 518 2312 concilium,
541 2231 598 2296 cit.
621 2254 696 2318 cap.
717 2231 936 2314 albatione,-
953 2231 1044 2295 unde
1064 2231 1306 2312 ordinationeS‚
1328 2233 1362 2295 vi
1381 2231 1450 2318 pri-

323 2348 526 2434 vilegiorum
545 2346 742 2432 hujusmodi
766 2345 889 2428 tactas,
912 2347 1024 2410 irritas
1048 2369 1122 2411 esse
1147 2369 1281 2434 semper
1299 2345 1449 2411 declara-

323 2469 448 2526 verunt
475 2461 510 2527 S.
541 2460 864 2547 Congregationes¹.
896 2461 1093 2549 Requiritur
1121 2483 1201 2547 ergo
1234 2460 1449 2548 privilegium

318 2586 398 2662 post
429 2577 523 2641 Trid.
552 2597 759 2658 concessum,
789 2597 851 2639 nec
879 2575 921 2640 ab
948 2575 1010 2640 hoc
1039 2583 1191 2663 tempore
1216 2577 1445 2640 revocatum³.
1481 2618 1485 2626 ·

324 2691 425 2756 Plura
447 2691 549 2778 hujus
568 2689 703 2777 generis
722 2689 902 2776 privilegia
925 2697 1091 2754 memorat
1111 2689 1315 2754 Benedictus
1334 2689 1411 2754 xlv
1422 2692 1446 2753 ⁴.

369 2923 436 2990 57.
455 2960 500 2969 —
518 2917 696 2988 Abbates
720 2919 1058 2987 commendatarii.
1078 2958 1121 2968 -
1141 2917 1259 2983 Abbas
1278 2941 1448 2983 commen-

322 3036 489 3116 datariuS‚
512 3035 565 3098 cui
585 3057 708 3122 nempe
727 3033 840 3120 aliqua
864 3031 998 3097 abbatia
1017 3033 1198 3119 regularis,
1221 3056 1289 3097 non
1310 3035 1345 3098 in
1366 3035 1447 3096 titu-

324 3152 396 3214 lum
402 3201 412 3234 ,
436 3149 496 3212 sed
521 3149 556 3212 in
575 3149 808 3213 commendam
832 3147 1031 3212 auctoritate
1051 3147 1258 3234 competenti
1278 3145 1356 3211 data
1375 3154 1444 3228 est,

316 3267 401 3351 jure
435 3263 608 3327 communi
641 3263 774 3326 nullam
809 3261 911 3324 babet
944 3261 1126 3325 ordinandi
1158 3261 1372 3345 facultatem.
1403 3300 1448 3310 —

322 3379 421 3444 Ratio
446 3384 500 3442 est
523 3377 602 3465 quia
626 3377 738 3440 nullos
765 3373 865 3440 habet
889 3373 1043 3439 subditos
1069 3375 1242 3461 reputares
1250 3395 1264 3456 ,·
1283 3374 1333 3438 illi
1356 3375 1447 3439 enim

321 3492 510 3580 regulam,
534 3491 592 3578 qui
615 3489 758 3577 professi
782 3488 922 3553 suntin
946 3487 1080 3554 abbatia
1104 3487 1356 3570 commendata,
1378 3510 1447 3552 non

322 3613 402 3672 sunt
426 3605 554 3670 subditi
577 3605 749 3692 regulares
773 3603 1067 3686 commendatarii,
1090 3603 1205 3690 quiin
1231 3625 1348 3667 eorum
1370 3625 1447 3690 per-

352 3834 361 3866 ¹
380 3833 419 3882 Cf.
433 3833 610 3881 Benedictum
626 3831 699 3890 XIV,
714 3833 753 3880 De
767 3831 885 3896 synodo,
902 3831 949 3879 lib.
966 3829 1004 3888 ΙΙ,
1021 3845 1045 3878 c.
1058 3845 1097 3889 ιιι,
1114 3845 1140 3879 n.
1153 3835 1191 3879 10.

351 3912 362 3947 ²
380 3912 414 3959 V.
434 3929 469 3974 g.,
490 3910 517 3958 S.
538 3910 636 3973 Congr.
657 3911 706 3973 Ep.
726 3913 754 3959 ct
774 3911 849 3972 Reg.,
872 3911 899 3957 in
926 3907 1083 3966 Taroisr'na,
1106 3913 1120 3956 8
1142 3923 1199 3972 apr.
1224 3914 1296 3968 18593
1319 3908 1445 3966 BinarrI,

321 3991 505 4047 collectanea,
522 3990 564 4038 cd.
579 3993 648 4047 1885,
664 4005 691 4051 p.
707 3994 762 4037 662.

351 4070 362 4104 ³
384 4069 425 4118 De
451 4083 505 4131 quo
535 4067 570 4115 cs.
599 4068 694 4115 doctas
722 4067 925 4116 lucubrationes
951 4066 1091 4115 Benedicti
1115 4065 1188 4125 xiv,
1213 4069 1279 4115 tunc
1307 4065 1445 4115 secretarii

320 4148 347 4198 S.
364 4147 462 4210 Congr.
478 4147 570 4205 Cone,
587 4146 615 4194 in
631 4145 753 4204 Lucana,
773 4150 801 4195 11
818 4161 875 4210 apr.
892 4150 965 4204 1125,
986 4145 1153 4202 Thesaurus,
1175 4148 1195 4194 t.
1212 4161 1251 4205 ιιι,
1273 4160 1299 4207 p.
1316 4147 1443 4203 155,111,

320 4233 378 4285 rao,
395 4231 449 4274 293.

350 4306 361 4340 ⁴
378 4304 416 4354 De
431 4303 548 4369 synodo,
567 4303 616 4352 loc.
630 4301 676 4351 cit.
