3300 5056
513 479 557 527 DE
576 477 736 528 sumsero
756 476 994 527 ouulrtarlorus
1269 476 1317 528 19¹

235 623 381 687 Attenta
412 643 493 708 ergo
525 620 588 686 hac
622 620 804 685 traditione
837 625 1017 709 perpetua,
1053 619 1235 685 dicendum
1267 627 1319 685 est

185 737 264 824 jure
284 758 352 800 non
376 741 514 800 tantum
538 733 788 815 ecclesiastico,
810 734 871 798 sed
895 734 997 798 etiam
1021 734 1154 816 divino,
1176 735 1319 800 seminas

190 850 372 938 incapaces
392 871 467 914 esse
486 849 560 913 veri
578 848 791 913 diaconatus,

212 965 273 1042 ,2⁰
291 963 482 1028 Solvuntur
499 963 723 1048 difficultates
738 985 751 1027 .·

236 1078 281 1143 Α.
303 1076 452 1143 Jacobus
472 1076 685 1156 Edessenus‚
707 1076 938 1140 Resolutionee
957 1077 1138 1160 canonice,
1160 1099 1235 1143 can.
1257 1077 1316 1156 24,

190 1193 262 1258 ait:
287 1219 302 1250 ι(
321 1191 478 1255 Potestas
497 1190 532 1253 in
546 1189 648 1255 altari
666 1189 762 1254 nulla
781 1190 921 1254 omnino
941 1190 971 1254 ei
985 1189 1214 1280 (diaconissae)
1230 1213 1320 1255 com-

191 1305 295 1394 petit;
317 1305 414 1393 quia,
436 1327 515 1369 cum
534 1303 722 1385 ordinatur,
744 1326 813 1368 non
837 1311 976 1392 propter
1000 1305 1105 1369 altare
1129 1304 1317 1384 ordinatur,

191 1419 254 1484 sed
281 1426 428 1506 'propter
460 1418 638 1483 ecclesiam
669 1418 868 1498 dumtaxat,
902 1425 936 1482 et
966 1425 1118 1506 potestas
1147 1420 1221 1510 ejus
1249 1419 1320 1482 haec

190 1541 328 1598 tantum
348 1540 401 1599 est
419 1553 426 1600 :
448 1539 487 1598 ut
504 1533 740 1596 sanctuarium
755 1540 880 1614 verrat,
898 1541 930 1596 et
946 1534 980 1596 in
995 1533 1109 1597 eodem
1128 1535 1320 1597 sanctuario

193 1647 385 1732 lampadem
405 1647 579 1728 accendat,
602 1653 636 1710 et
660 1644 731 1709 haec
755 1651 829 1710 tum
853 1669 930 1710 cum
955 1668 1023 1710 non
1048 1645 1145 1710 adest
1163 1646 1321 1711 sacerdos

192 1761 249 1826 vel
268 1761 449 1850 diaconusj
472 1767 506 1824 et
525 1767 580 1842 ut,
602 1761 631 1824 si
649 1760 694 1824 sit
719 1760 754 1823 in
779 1761 991 1824 monasteriis
1013 1783 1189 1844 sororum,
1210 1783 1321 1824 secra-

193 1885 319 1958 menta,
339 1875 398 1940 abt
416 1876 506 1939 deest
520 1875 706 1960 presbyter
724 1874 776 1938 vel
794 1875 965 1957 diaconus,
987 1897 1028 1937 ex
1048 1875 1143 1939 thece
1162 1875 1318 1960 accipiat,

191 1991 330 2076 detque
350 1989 586 2053 tantummodo
623 1988 825 2052 mulieribus
857 1989 953 2052 sociis
989 1989 1076 2070 ruis,
1110 1997 1171 2053 aut
1202 1991 1320 2074 pueris

187 2105 346 2190 paruulis
364 2103 630 2168 occurrentibus.
654 2101 817 2166 Illicitum
841 2108 955 2166 autem
979 2109 1032 2167 est
1055 2103 1085 2167 ei
1110 2110 1320 2168 sacramenta

192 2241 327 2282 sumere
347 2240 389 2282 ex
414 2239 532 2281 mensa
556 2222 673 2281 sancta
697 2215 831 2296 altaris,
853 2222 912 2280 aut
931 2239 1032 2304 super
1051 2216 1137 2281 hanc
1162 2240 1201 2282 ea
1224 2240 1320 2304 repo-

192 2355 292 2413 nere,
323 2331 379 2396 vel
407 2331 580 2396 ullatenus
608 2330 704 2394 illam
732 2334 905 2416 tangeret
926 2359 942 2390 »
973 2329 1040 2409 Qui
1073 2353 1197 2413 canon,
1232 2339 1319 2396 teste

192 2445 407 2526 Assemani2,
434 2445 563 2509 relatus
587 2443 698 2509 estin
722 2444 920 2528 Pontificate
943 2443 1190 2526 Jacobitarum;
1218 2467 1319 2532 quem

192 2561 296 2624 etiam
316 2559 496 2646 exscripsit
515 2557 786 2638 Bar-Hebraeus,
808 2559 843 2621 in
863 2581 924 2622 suo
944 2559 1212 2624 Nomoeanone³.
1231 2559 1320 2644 Ergo

191 2674 297 2739 etiam
318 2674 546 2738 ministerium
565 2673 684 2736 altaris
704 2671 924 2736 commissum
943 2679 995 2737 est
1015 2672 1227 2736 diaconissis.

236 2787 364 2873 Hesp:
382 2787 412 2850 1.
431 2785 551 2866 Quoad
565 2785 714 2850 officium
728 2785 886 2850 verrendi
902 2787 1133 2850 sanctuarium
1152 2793 1187 2851 et
1200 2807 1320 2850 accen-

192 2901 297 2967 dendi
315 2899 509 2988 lampades,
531 2923 600 2964 non
620 2899 706 2964 illud
729 2923 814 2964 voco
835 2899 954 2964 altaris
975 2901 1218 2984 ministerium,
1241 2900 1321 2965 licet

192 3017 281 3081 circa
302 3015 407 3080 altare
427 3014 541 3078 forsan
561 3021 732 3094 versetur3
755 3014 982 3078 ministerium
1003 3014 1094 3078 enim
1113 3014 1230 3079 altaris
1245 3037 1320 3104 pro-

192 3131 264 3218 prie
285 3129 430 3211 dictum,
453 3127 546 3216 quod
565 3127 723 3193 Christus
747 3127 913 3212 instituit,
936 3135 971 3192 et
990 3128 1044 3192 cui
1063 3130 1227 3193 annexuit
1247 3153 1320 3218 gra-

191 3245 277 3309 tiam
296 3243 517 3323 sacramenti,
540 3241 626 3307 illud
645 3248 714 3322 est,
736 3249 897 3329 utsupra
921 3242 1051 3306 dictum
1074 3249 1142 3323 est,
1165 3265 1232 3330 quo
1252 3244 1321 3309 dia-

192 3381 301 3424 conus
320 3364 438 3422 sancto
459 3356 622 3421 sacrificio
643 3363 854 3444 cooperetur,
877 3354 1112 3443 sacerdotique
1132 3356 1269 3422 assistat
1288 3364 1321 3422 et

190 3468 291 3538 illum
318 3471 458 3558 adjuvet
484 3471 519 3534 in
545 3469 784 3534 distributione
812 3469 1043 3548 eucharistiac3
1072 3508 1116 3518 -
1142 3469 1174 3534 2.
1202 3469 1322 3549 Quoad

192 3587 289 3650 illam
308 3583 582 3650 distributionem
602 3583 813 3649 eucharistiae
833 3607 907 3671 quae
926 3582 1135 3671 permittitur
1152 3583 1322 3648 diaconis-

192 3701 257 3780 sis,
279 3699 469 3764 notandum
493 3705 546 3763 est
564 3698 626 3763 has
650 3721 718 3762 non
738 3719 839 3784 posse
864 3719 996 3760 sumere
1016 3709 1268 3762 sacramentum
1287 3699 1322 3762 in

193 3815 310 3894 altari,
339 3812 400 3877 sed
427 3813 462 3876 in
492 3813 638 3877 sacrario
663 3811 723 3876 ubi
752 3815 963 3890 asservatur;
993 3809 1085 3875 unde
1114 3811 1323 3877 distribuunt

192 3927 486 4008 communionem,
508 3927 645 3991 omnino
664 3934 761 3990 estre
786 3925 939 4008 missam,
961 3925 1152 4014 etquidem
1175 3926 1321 3992 absenti-

224 4101 348 4201 fflmy'
366 4137 416 4186 loc.
431 4135 487 4193 cit,
503 4151 531 4199 p.
547 4141 601 4184 127.

223 4219 236 4253 ¹
252 4215 423 4266 Bibliotheca
438 4213 546 4272 orient,
563 4217 583 4263 t.
600 4229 631 4274 rr,
647 4213 685 4263 De
702 4213 914 4279 monophysitae,
932 4213 981 4263 loc.
995 4212 1040 4262 eit.

225 4297 236 4331 ²
253 4295 322 4354 Mn,
340 4293 390 4343 loc.
406 4291 462 4351 cit,
478 4307 505 4356 p.
520 4297 609 4341 51-52.
