3290 5060
344 476 396 528 {20
612 479 656 528 DE
675 478 813 529 LEGIBUS
833 479 948 530 SACRAE
966 477 1202 529 onuluarlouls

389 625 421 685 l⁰
435 621 481 688 Ut
495 619 609 688 clerici
624 621 849 687 suburbicarii
863 623 997 710 possint
1012 621 1159 687 ordinari
1175 621 1340 712 (exceptis
1359 620 1470 686 tribus

342 735 477 802 casibus
496 737 583 802 inira
602 737 815 825 referendis),
837 736 903 802 duo
921 738 1165 826 requiruntur:

385 877 417 918 a.
440 852 486 919 Ut
511 831 710 917 muniantur
735 851 897 917 «litteris
922 851 1125 918 dimissoriis
1152 852 1205 917 sui
1228 851 1397 918 Ordinarii
1424 855 1470 918 ad

340 975 567 1034 memoratum
598 969 763 1033 vicarium
793 965 936 1055 (nempe
967 966 1174 1033 cardinalem
1208 966 1403 1055 vicarium),
1435 976 1468 1031 et

340 1103 406 1146 non
426 1082 470 1146 ad
488 1082 597 1146 alium
617 1083 803 1146 antistitem
817 1083 966 1166 directis,
1041 1081 1154 1171 ibique
1168 1081 1306 1171 (nempe
1319 1081 1464 1170 Romae),

339 1203 373 1260 et
393 1219 461 1261 non
481 1195 562 1262 alibi
582 1196 793 1278 ordinentur,
811 1203 946 1262 servata
965 1196 1000 1260 in
1015 1195 1174 1262 omnibus
1188 1196 1295 1261 forma
1311 1197 1466 1284 superius
1528 1280 1532 1288 Ι

338 1311 585 1400 praescripta».
618 1309 669 1376 lta
700 1333 859 1398 expresse
888 1310 1086 1376 Alexander
1115 1309 1179 1375 Vll
1213 1311 1247 1375 in
1278 1311 1335 1376 cit.
1369 1309 1466 1375 brevi

337 1425 533 1512 Apostolica
551 1425 744 1490 sollicitudo
750 1475 761 1510 ,
784 1427 804 1492 't
824 1449 901 1512 aug.
922 1425 1025 1506 1662,
1046 1429 1063 1512 ᾗ
1082 1426 1114 1490 2.
1136 1424 1296 1491 -Unde
1315 1425 1466 1491 ordinari

336 1538 462 1605 debent
481 1538 524 1605 ab
543 1540 618 1628 ipso
639 1538 801 1604 cardinali
821 1540 963 1621 vicarie,
986 1540 1040 1604 vel
1062 1539 1104 1606 ab
1124 1540 1191 1604 alio
1211 1539 1381 1627 episcopo,
1403 1539 1464 1604 sed

337 1653 378 1718 de
398 1653 472 1740 ejus
492 1654 642 1720 licentia.

380 1769 413 1832 h.
432 1768 478 1834 Ut
503 1768 703 1834 ordinentur
727 1795 744 1828 α
765 1777 896 1833 seruata
922 1770 956 1832 in
983 1769 1141 1834 omnibus
1166 1773 1282 1854 forma
1307 1769 1464 1854 superius

332 1885 533 1969 praescripta
555 1905 591 1964 »;
616 1883 822 1978 suntetiam
847 1881 951 1948 verba
970 1883 1159 1948 Alexandri
1183 1883 1219 1947 in
1242 1882 1333 1948 dicto
1353 1881 1460 1947 brevi.

337 1996 459 2061 Forma
478 2005 593 2062 autem
612 1998 701 2076 haec,
724 2021 762 2062 ea
783 2004 835 2063 est
854 2020 929 2086 quae
948 1998 1144 2085 praescripta
1164 1995 1228 2062 fuit
1252 2020 1312 2084 pro
1332 1996 1464 2061 clericis

336 2109 554 2176 saecularibus
574 2113 712 2194 exteris,
730 2113 848 2177 Romae
863 2110 1163 2190 commorantibus,
1182 2110 1295 2199 ibique
1316 2111 1465 2176 ordinari

336 2223 551 2312 cupientibus
570 2224 710 2315 (supra,
732 2250 766 2294 n.
784 2226 878 2315 44);
900 2226 990 2291 unde
1010 2251 1070 2315 pro
1092 2224 1333 2291 suburbicariis
1352 2226 1464 2314 requi-

335 2345 457 2402 runtur
475 2340 577 2404 etiam
598 2364 741 2407 examen
756 2365 870 2407 coram
890 2339 1181 2406 examinatoribus
1200 2339 1350 2421 urbanis,
1367 2341 1463 2406 testi-

336 2452 449 2517 monia
473 2453 684 2537 idoneitatis,
711 2463 745 2522 et
769 2456 928 2521 exercitia
953 2454 1140 2542 spiritualia
1164 2454 1366 2543 perdecem
1389 2454 1464 2520 dies

336 2565 371 2629 in
386 2565 487 2631 domo
507 2568 721 2634 sacerdotum
742 2569 928 2634 Missionis.
945 2608 989 2617 —
1004 2567 1199 2634 Notandum
1215 2574 1279 2649 est,
1296 2573 1335 2632 ut
1350 2567 1465 2632 clerici

337 2679 558 2746 suburbicarii
582 2683 636 2747 his
659 2682 794 2771 legibus
818 2691 1009 2765 teneantur,
1037 2682 1167 2747 nullam
1195 2704 1313 2746 eorum
1336 2683 1464 2769 requiri

338 2795 455 2858 llomae
474 2798 796 2878 commorationem,-
817 2797 876 2862 sed
901 2797 1055 2862 sulficere
1074 2802 1113 2860 ut
1132 2797 1201 2860 sint
1225 2793 1461 2863 suburbicarii.

383 2909 418 2972 2⁰
451 2909 565 2976 Poenae
602 2921 719 2978 contra
753 2913 991 2999 delinquentes
1024 2909 1150 2975 feriunt
1186 2917 1256 2974 tam
1288 2909 1464 2975 ordinatos

338 3045 440 3109 quam
460 3025 674 3107 ordinantes,
696 3035 797 3115 prout
820 3031 987 3090 statutum
1013 3031 1065 3088 est
1089 3024 1123 3087 in
1144 3022 1201 3088 cit.
1229 3021 1281 3086 Pii
1303 3023 1349 3087 IX
1368 3023 1462 3088 bulla

339 3136 540 3220 Apostolicae
559 3139 671 3224 Sedis,
694 3141 736 3205 de
757 3137 1054 3228 suspensionibus,
1076 3161 1111 3204 n.
1130 3139 1173 3204 7:
1202 3163 1218 3196 κ
1304 3137 1463 3202 Necnon

339 3251 452 3316 clerici
471 3254 682 3339 pertinentes
706 3255 749 3319 ad
773 3255 923 3342 aliquem
947 3277 964 3318 e
989 3275 1049 3318 sex
1069 3249 1320 3338 episcopatibus
1339 3249 1464 3316 subur-

332 3363 492 3462 bicariis,
532 3370 562 3433 si
599 3370 801 3433 ordinentur
837 3377 934 3432 extra
970 3390 1069 3431 suam
1106 3364 1272 3430 dioecesim
1309 3366 1464 3431 dimisso-

341 3479 484 3544 riaiibus
509 3484 563 3547 sui
588 3483 763 3548 Ordinarii
791 3483 836 3548 ad
863 3482 971 3547 alium
997 3481 1134 3544 directis
1159 3500 1265 3566 quam
1294 3479 1339 3542 ad
1367 3481 1461 3545 card.

344 3591 448 3658 Urbis
473 3597 654 3681 vicarium,
679 3597 731 3662 vel
750 3619 817 3662 non
839 3596 1024 3682 premissis
1043 3603 1120 3658 ante
1146 3593 1300 3657 ordinem
1326 3614 1465 3657 sacrum

339 3710 590 3794 suscipiendum
603 3713 771 3776 caercitiis
784 3710 1023 3796 spiritualibus
1030 3729 1096 3794 per
1110 3709 1223 3772 decem
1235 3706 1305 3770 dies
1318 3707 1353 3770 in
1363 3707 1464 3771 domo

342 3825 473 3908 urbana
496 3827 709 3892 sacerdotum
733 3825 932 3891 aMissione
956 3831 1247 3908 nuncupatorum,
1270 3821 1465 3908 suspensio-

340 3959 418 4002 nem
441 3937 484 4003 ab
507 3939 684 4004 ordinibus
708 3941 755 4005 sic
779 3938 947 4026 susceptis
971 3936 1014 4002 ad
1038 3934 1289 4022 beneplacitum
1309 3933 1343 4000 S.
1366 3935 1467 4001 Sedis

339 4051 413 4139 ipsc
432 4053 508 4140 jure
528 4053 720 4136 incurrunt,
743 4053 894 4141 episcopi
913 4074 993 4116 vero
1013 4049 1210 4114 ordinantes
1233 4045 1358 4112 abusu
1377 4071 1466 4135 pon-

339 4166 514 4231 tificalium
536 4189 598 4254 per
621 4189 760 4232 annum.
780 4195 795 4228 >r
820 4166 918 4233 Unde
943 4163 1119 4252 suspensio
1143 4183 1213 4226 non
1236 4161 1375 4248 respicit
1398 4163 1467 4228 nisi

338 4279 463 4376 duplex
482 4281 645 4347 delictum
664 4281 699 4345 in
719 4281 782 4345 hoc
802 4287 899 4346 textu
918 4279 1143 4345 enuntiatum.
1178 4295 1182 4304 ·
