3316 5052
428 491 471 542 DE
492 491 754 552 PRAEREQUISITIS
773 491 816 541 ab
836 491 1088 542 ORDINATIONEM
1268 491 1319 543 337

196 635 376 700 concilium
401 633 508 715 Trid.,
535 635 592 699 cit.
615 657 688 721 cap.
712 633 800 698 Cum
821 657 886 698 non
906 635 1034 716 deceat,
1062 635 1096 700 in
1116 658 1184 724 quo
1204 643 1320 724 aperte

197 748 370 834 restringit
388 749 628 814 necessitatem
647 747 739 814 tituli
763 747 805 812 ad
824 749 958 814 ordines
979 771 1118 814 sacros:
1140 750 1224 815 «Ne
1244 750 1320 838 quis

196 862 397 949 deinceps...
420 862 463 928 ad
476 885 589 928 sacros
608 863 742 927 ordines
762 869 1013 949 promoveatur,
1035 863 1118 945 nisi,
1140 871 1205 929 etc.
1227 891 1243 925 n

240 977 273 1070 2J'
291 976 337 1042 Ut
355 983 451 1064 patet
470 977 522 1041 his
542 999 636 1042 conc.
654 975 745 1041 Trid.
768 976 896 1057 verbis,
918 977 1100 1064 requiritur
1119 978 1240 1043 titulus
1260 1001 1319 1066 pro

196 1090 340 1178 singulis
364 1089 540 1156 ordinibus
564 1090 684 1172 sacris,
711 1111 833 1178 nempe
858 1089 1119 1172 subdiaconatu,
1140 1091 1320 1156 diaconatu

196 1212 230 1270 et
249 1204 505 1293 presbyteratu3
529 1205 589 1269 sed
614 1205 750 1286 titulus,
773 1205 831 1292 qui
854 1205 946 1270 valet
969 1227 1030 1293 pro
1055 1203 1316 1287 subdiaconatu,
1400 1201 1408 1216 ”

195 1319 287 1384 valet
307 1319 409 1384 etiam
429 1343 490 1407 pro
515 1318 591 1384 aliis
610 1317 797 1383 ordinibus.
820 1318 857 1384 Si
881 1324 994 1384 tamen
1018 1319 1140 1384 titulus
1163 1319 1321 1406 periisset

195 1440 272 1522 post
292 1431 588 1514 subdiaconatum,
611 1433 755 1497 clericus
774 1455 842 1497 non
862 1439 978 1520 posset
998 1433 1145 1521 recipere
1165 1433 1320 1498 diacona-

195 1555 284 1628 tum,
302 1547 373 1636 ,nisi
393 1570 470 1612 cum
490 1570 578 1611 novo
598 1545 710 1611 titulo.

239 1662 272 1727 3⁰
292 1662 342 1725 De
362 1661 438 1748 jure
458 1661 680 1746 particulari,
702 1661 883 1748 requiritur
906 1661 1089 1748 aliquando
1113 1661 1235 1726 titulus
1258 1683 1319 1748 pro

194 1775 370 1840 ordinibus
386 1774 586 1856 minoribus,
603 1775 671 1839 imo
692 1781 726 1839 et
745 1797 805 1861 pro
820 1775 929 1862 prima
947 1782 1099 1840 tonsura.
1117 1775 1173 1840 Sic
1187 1776 1317 1856 Romae,

195 1889 318 1953 saeculo
339 1910 436 1970 xviii,
458 1888 692 1976 requirebatur
710 1889 832 1953 titulus
852 1912 911 1977 pro
930 1889 1040 1976 prima
1060 1896 1210 1970 tonsura,
1232 1896 1319 1954 teste

196 2003 432 2069 Honorante¹z
455 2003 513 2090 qui
535 2025 618 2067 usus
641 2002 740 2067 hodie
764 2003 921 2069 cessavit.
945 2001 995 2066 Ita
1020 2003 1122 2068 etiam
1146 2003 1262 2082 hodie,
1284 2004 1320 2066 iu

194 2117 305 2181 insula
342 2116 548 2182 Melevitana
578 2115 735 2206 (Malta),
769 2117 953 2204 requiritur
989 2116 1109 2181 titulus
1146 2115 1316 2198 beneficii,

194 2231 389 2318 capellaniae
416 2237 588 2318 perpetuae
614 2230 669 2294 vel
695 2230 906 2316 patrimonii,
935 2253 995 2317 pro
1018 2232 1133 2316 prima
1162 2241 1316 2313 tomara,

194 2367 235 2408 ex
257 2343 308 2408 Pii
328 2343 372 2407 Vl
393 2351 501 2408 const.
524 2344 576 2407 Ea
595 2366 737 2428 semper,
759 2343 812 2408 die
832 2344 874 2410 25
890 2343 978 2430 junii
999 2343 1116 2410 i'i'i'i2.

362 2604 421 2670 ill.
445 2607 555 2671 Tuum
581 2627 633 2679 oui
659 2626 738 2670 sunr
761 2625 858 2672 uenia
882 2627 968 2671 runis
992 2625 1153 2672 cannonis

240 2803 335 2872 137.
355 2840 399 2850 -
423 2801 579 2869 'fitulus
604 2801 799 2869 beneficii.
824 2800 932 2867 -Ut
953 2801 1024 2889 jam
1051 2809 1186 2867 constat
1212 2802 1318 2867 relato

193 2925 289 2982 textu
309 2938 403 2980 conc.
426 2915 533 2996 Trid.,
556 2915 590 2979 in
610 2937 683 3001 cap.
707 2915 795 2978 Cum
816 2937 881 2980 non
901 2916 1024 2998 doceat,
1046 2915 1248 2982 beneficium
1267 2924 1319 2980 est

192 3031 381 3119 praecipuus
405 3029 525 3094 titulus
545 3028 767 3094 ordinationis
792 3051 906 3096 sacrae.
929 3029 979 3094 Do
1000 3052 1066 3116 quo
1085 3031 1156 3094 haro
1175 3029 1318 3095 dicenda

191 3150 401 3233 supersunt:

238 3259 272 3321 10
291 3259 336 3322 Ut
355 3259 555 3343 beneficium
573 3258 616 3322 ait
638 3257 808 3342 quitimus
824 3259 945 3322 titulus
964 3259 1314 3342 ordinationenem,

191 3381 337 3461 quatuor
356 3371 571 3459 requiruntur
589 3390 596 3436 :

236 3487 280 3552 Α.
302 3486 348 3552 Ut
371 3485 572 3550 beneficium
596 3485 639 3548 sit
663 3495 739 3549 actu
760 3508 966 3570 possessum,
989 3510 1110 3574 nempe
1134 3495 1316 3575 antequam

191 3601 334 3666 clericus
358 3600 498 3687 recipiat
522 3598 674 3662 ordinem
700 3623 845 3665 sacrum.
872 3639 915 3648 -
940 3599 1083 3666 Constat
1107 3601 1195 3665 clare
1220 3608 1316 3666 textu

191 3714 282 3780 Trid.
304 3733 310 3780 :
336 3741 351 3774 α
372 3714 423 3778 Nc
442 3713 519 3801 quis
538 3713 738 3799 deinceps...
761 3713 803 3777 ad
823 3737 936 3778 sacros
960 3714 1095 3778 ordines
1119 3737 1315 3801 promovea-

222 3919 230 3952 ἱ
247 3917 345 3966 Prasia
358 3915 530 3972 Scor-clarior,
548 3919 612 3972 etc,
629 3931 653 3965 c.
670 3931 690 3973 r,
708 3919 765 3964 not.
781 3921 804 3974 5,
821 3932 846 3978 p.
860 3922 882 3962 9.

222 3995 233 4031 ²
250 3995 290 4044 De
305 4009 359 4058 quo
375 3995 409 4042 cs.
426 4009 534 4042 causam
551 4009 637 4056 nuper
651 3995 778 4056 agitatam
795 3996 821 4042 in
837 3994 864 4042 S.
879 3993 975 4056 Congr.
990 3995 1083 4054 Conc,
1099 3997 1124 4043 in
1140 3997 1313 4054 tlelccitaua,

189 4081 204 4122 9
221 4089 281 4138 aug.
300 4077 368 4130 1890,
384 4073 431 4120 ubi
446 4073 526 4121 etiam
542 4072 626 4121 relata
641 4077 683 4120 cst
697 4087 760 4135 pars
774 4073 911 4135 praecipua
927 4077 1013 4123 const.
1034 4073 1072 4121 Pii
1090 4073 1125 4121 vl
1141 4075 1315 4140 (Thesaurus¹

189 4155 215 4202 S.
233 4155 260 4202 C.
277 4154 315 4210 (3.,
332 4155 351 4201 t.
368 4167 456 4208 cxcix,
473 4167 498 4213 p.
511 4151 638 4214 ast-roe).
649 4177 679 4188 -
690 4150 771 4208 Cum,
784 4151 845 4214 jure
857 4153 1008 4212 communi,
1022 4151 1182 4201 beneficium
1199 4153 1315 4200 conferri

192 4235 308 4294 nequeat
327 4230 377 4278 nisi
398 4230 430 4278 iis
449 4229 494 4292 qui
512 4229 568 4291 jam
589 4233 727 4278 tonsuram
748 4229 862 4291 primam
884 4231 975 4292 adepti
995 4231 1062 4288 sint,
1082 4231 1163 4280 datur
1182 4246 1212 4279 ea
1232 4232 1265 4279 de
1284 4246 1313 4279 re

191 4309 362 4358 biclevitanis
377 4311 531 4370 opportuna
545 4307 725 4370 dispensatim
743 4307 838 4357 saltem
854 4308 994 4372 implicita.

297 4421 379 4456 sacua
393 4421 512 4456 oaoiarir.
1156 4405 1190 4458 22
