3248 5052
322 473 372 524 ⁵90
658 477 702 526 DE
722 475 851 526 lllTlllUS
871 474 1107 526 onninanoins

321 619 399 706 quia
427 617 497 682 haec
525 619 670 684 intentio
701 641 770 683 non
799 619 977 684 ordinandi
1005 617 1165 703 indignos
1193 618 1298 683 trahit
1329 641 1444 682 secum

319 731 520 820 gravissima
540 733 645 814 mala,
667 739 705 798 ut
725 755 825 821 supra
844 733 973 798 dictum
992 739 1056 800 est.
1078 733 1192 814 Unde,
1219 755 1297 798 cum
1314 733 1445 820 episco-

319 869 382 934 pus
403 845 653 926 Charohiensis,
676 847 711 910 in
731 848 889 912 Amerina
910 845 1137 928 Meridionali,
1159 852 1237 912 ante
1257 847 1443 912 ordinatio-

318 983 396 1025 nem
416 967 624 1048 protestatus
654 961 773 1026 luisset
797 983 833 1025 se
861 983 929 1025 non
958 960 1081 1026 habere
1107 961 1332 1026 intentionem
1355 961 1444 1024 ordi-

319 1075 421 1139 nandi
435 1097 494 1140 eos
509 1075 568 1162 qui
580 1075 747 1163 originem
761 1075 936 1142 traherent
947 1075 990 1140 ab
1004 1076 1111 1158 Indis,
1129 1074 1164 1140 S.
1178 1074 1304 1162 Congr.
1320 1073 1440 1156 Cone,

319 1189 371 1253 die
393 1189 433 1254 13
458 1187 541 1254 lebr.
566 1188 668 1267 1682,
692 1190 779 1254 hanc
801 1189 1082 1278 protestationem
1101 1189 1321 1277 vituperavit,
1342 1211 1442 1276 roga-

243 1335 246 1342 *
319 1304 436 1391 vitque
456 1305 556 1368 Rom.
579 1303 781 1369 Pontificem
803 1311 842 1370 ut
861 1303 997 1392 juberet
1020 1327 1063 1368 ne
1086 1304 1246 1390 deinceps
1270 1302 1441 1368 Iudiarum

320 1417 469 1505 episcopi
488 1417 684 1504 hujusmodi
703 1418 927 1484 intentionem
945 1416 1069 1482 habere
1088 1421 1364 1506 praesumerent¹.

362 1533 398 1598 3⁰
418 1531 534 1597 Posita
554 1539 668 1598 autern
687 1531 746 1596 illa
764 1532 1022 1619 protestatione,
1044 1533 1309 1597 controvertitur
1327 1539 1441 1596 utrum

318 1645 486 1710 ordinatio
515 1645 751 1732 irregularium
779 1645 965 1711 aliorumve
992 1646 1210 1732 indignorum
1238 1645 1282 1710 sit
1314 1644 1438 1724 valida,

317 1783 359 1824 an
384 1759 545 1824 invalida.
567 1799 612 1809 -
630 1759 701 1824 Alii
716 1783 837 1848 nempe
862 1761 980 1826 dicunt
999 1759 1246 1824 ordinationem
1266 1781 1339 1824 esse
1358 1758 1441 1823 vali·

316 1874 406 1954 dam,
429 1874 501 1938 sive
521 1873 611 1962 quia,
628 1882 668 1939 ut
687 1875 826 1962 quidam
845 1875 977 1956 dicunt,
1000 1875 1071 1938 haec
1091 1873 1292 1962 protestatio
1315 1895 1383 1936 non
1403 1871 1440 1936 lit

317 1988 383 2052 nisi
409 1987 451 2052 ad
479 1995 641 2053 terrorem
670 1988 921 2070 incutiendum;
951 2011 1019 2053 non
1046 1989 1136 2053 enim
1169 1985 1440 2074 praesumendum

317 2109 369 2166 est
389 2102 585 2190 episcopum
604 2103 734 2190 peccati
754 2103 868 2189 gravis
889 2125 985 2168 reum
1008 2125 1045 2167 se
1070 2101 1291 2183 constituere,
1318 2100 1440 2165 seriam

317 2217 597 2304 protestationem
617 2216 819 2298 emittend03
843 2217 914 2282 sive
938 2217 1033 2305 quia,
1054 2223 1094 2280 ut
1117 2215 1175 2280 alii
1194 2221 1368 2294 asserunt,
1389 2213 1441 2277 illi

315 2329 497 2395 intentioni
528 2331 678 2418 generali
710 2354 779 2396 non
812 2331 992 2396 ordinandi
1027 2329 1185 2418 indignos
1216 2329 1378 2416 praevalet
1405 2328 1440 2392 in

316 2445 474 2532 episcopo
493 2445 637 2510 intentio
657 2445 836 2511 ordinandi
860 2445 922 2510 hos
945 2467 1064 2510 omues
1088 2444 1175 2509 circa
1198 2447 1291 2531 quos'
1311 2442 1440 2532 perficit

315 2559 400 2624 ritus
420 2559 674 2628 ordinationis¹,
696 2599 741 2609 -
759 2559 830 2625 Alii
853 2583 934 2624 vero
954 2560 1072 2624 dicunt
1095 2557 1342 2624 ordinationem
1366 2579 1440 2622 esse

315 2672 518 2755 invalidam,
541 2673 620 2760 quia
640 2674 779 2739 tandem
802 2673 985 2762 aliquando
1005 2673 1118 2738 deficit
1138 2673 1282 2738 intentio
1294 2673 1316 2737 ³.
1339 2711 1382 2721 -
1401 2670 1440 2735 ln

315 2786 378 2850 hoc
402 2786 580 2852 doctorum
606 2787 767 2853 conflictu
794 2785 1003 2876 probabilior
1027 2793 1061 2852 et
1084 2787 1189 2852 tutior
1209 2785 1344 2850 videtur
1365 2807 1441 2849 sen-

315 2901 421 2964 tentia
448 2923 565 2965 corum
591 2901 649 2989 qui
676 2901 794 2966 dicunt
820 2901 1068 2966 consulendum
1093 2924 1186 2984 esse,
1213 2901 1242 2965 si
1268 2899 1341 2964 lieri
1365 2922 1441 2988 pos·

315 3015 370 3096 sit,
393 3015 589 3102 episcopum
609 3015 667 3104 qui
686 3015 871 3097 ordinavit;
893 3021 1089 3080 remanente
1109 3023 1223 3081 autem
1242 3012 1357 3094 dubio,
1379 3015 1441 3078 ite-

314 3129 454 3192 randam
480 3151 554 3193 esse
579 3127 642 3194 sub
669 3129 867 3194 condicione
889 3129 1138 3194 ordinationem
1149 3131 1171 3194 ⁴.
1198 3127 1281 3207 Quae
1300 3134 1353 3193 est
1377 3127 1441 3192 ali-

314 3243 403 3306 unde
423 3243 537 3331 praxis
557 3242 591 3308 S.
615 3243 741 3330 Congr.
764 3242 925 3326 Concilii,
946 3250 985 3309 ut
1004 3244 1120 3308 statim
1139 3243 1274 3308 dicitur.

345 3421 354 3454 ¹
370 3421 447 3477 Quod
462 3423 553 3470 narrat
564 3421 727 3472 Benedictus
737 3421 810 3483 XlV,
822 3422 860 3472 De
874 3420 1008 3486 sacrificio
1024 3421 1120 3480 missa,
1137 3427 1204 3471 sect.
1216 3437 1243 3480 ιι,
1260 3437 1286 3472 n.
1298 3426 1337 3481 73,
1353 3421 1439 3470 Lova·

314 3501 363 3559 nii,
380 3505 454 3558 1767,
471 3505 491 3549 t.
507 3516 538 3558 n,
557 3516 582 3563 p.
600 3505 654 3550 122.

344 3578 496 3626 ²Vaiidam
512 3579 538 3626 in
557 3593 621 3627 cusu
636 3580 834 3628 ordinationem
852 3583 977 3629 asserunt
992 3579 1126 3642 Layman,
1146 3577 1292 3643 Theoloyia
1310 3577 1436 3636 moralia,

312 3657 359 3704 lib.
372 3655 404 3714 V,
421 3659 500 3706 tract.
517 3673 537 3714 1,
554 3672 578 3706 c.
595 3673 630 3715 iv,
647 3673 673 3706 n.
690 3664 717 3716 6,
734 3657 895 3720 Moguntiae,
912 3663 986 3717 1709,
1002 3661 1072 3720 part.
1089 3656 1128 3716 ll,
1144 3673 1170 3720 p.
1187 3661 1245 3716 2063
1262 3683 1290 3692 -
1306 3654 1438 3704 Cabassu-

312 3735 379 3792 tius,
394 3733 471 3783 luris
491 3735 616 3783 canonici
636 3735 741 3784 theoria
757 3738 783 3784 et
793 3735 903 3798 praeis,
920 3736 967 3784 lib.
984 3735 1036 3795 lll,
1053 3751 1192 3794 c.xv1‚n.
1210 3741 1251 3794 15,
1267 3735 1309 3783 ed.
1326 3733 1436 3793 Gibert,

312 3813 481 3876 Augustoriti
496 3812 653 3872 Pictonum,
672 3819 745 3874 1738,
763 3829 789 3876 p.
806 3818 859 3864 ati.
876 3841 906 3850 -
921 3814 1015 3862 Plures
1034 3813 1079 3862 alii
1100 3817 1229 3863 notantur
1246 3813 1318 3876 apud
1338 3811 1439 3862 Pallet-

313 3892 375 3949 tini,
392 3891 534 3949 Collectio,
551 3895 613 3949 etc,
629 3901 658 3939 v⁰
672 3891 877 3942 Sacramentum
891 3891 1009 3951 ordinis,
1026 3896 1038 3952 ς
1053 3897 1079 3951 1,
1096 3908 1122 3940 ιι.
1139 3898 1181 3950 11,
1197 3895 1217 3942 t.
1232 3907 1291 3950 xvi,
1307 3907 1333 3954 p.
1349 3897 1389 3940 69.

343 3971 354 4003 ³
369 3969 409 4018 ita
425 3969 614 4030 Reilienstuci,
630 3971 657 4018 in
674 3971 715 4019 tit.
731 3971 768 4019 De
780 3985 811 4020 eo
826 3971 876 4036 qui
890 3971 1016 4021 ordinem
1025 3969 1131 4033 furtive
1144 3969 1276 4034 suscepit,
1292 3985 1318 4018 n.
1333 3975 1356 4028 t,
1371 3976 1395 4027 6,
1410 3975 1437 4028 7;

313 4073 342 4084 -
356 4047 429 4096 hunc
447 4048 576 4098 exscribit
595 4049 753 4113 Schmaizg.,
774 4051 912 4113 propriam
932 4050 1014 4099 silens
1033 4050 1208 4108 sententiam,
1229 4050 1256 4096 in
1275 4049 1365 4098 eumd.
1384 4051 1437 4108 tit,

311 4141 336 4174 n.
354 4129 375 4174 i.

342 4205 351 4237 ⁴
371 4204 411 4253 lta
426 4205 588 4261 Thesaurus,
603 4205 641 4254 De
654 4205 751 4268 poenis,
768 4216 798 4252 v⁰
814 4205 938 4264 Ordines,
955 4221 978 4256 c.
992 4221 1042 4266 vn,
1059 4222 1085 4256 n.
1102 4213 1126 4266 7,
1142 4207 1183 4255 ed.
1201 4206 1317 4264 Giraldi‚
1334 4221 1361 4269 p.
1376 4211 1436 4262 3⁰⁹3

310 4283 522 4333 -Benedictus
542 4283 614 4343 XIV,
634 4283 672 4332 De
696 4283 831 4348 sacrificio
852 4285 952 4344 mirra,
974 4289 1040 4334 sect.
1061 4302 1092 4344 ιι,
1114 4301 1140 4334 n.
1161 4288 1203 4344 71,
1225 4299 1251 4347 p.
1273 4289 1331 4342 125,
1353 4288 1381 4334 et
1400 4284 1438 4332 Dc
