3300 5056
350 468 402 522 258
618 467 662 518 DE
680 466 819 518 LEGIBUS
839 465 952 518 SACRAE
971 465 1207 516 onnlrtsrloms

350 611 442 678 tibus
461 607 633 676 indultum
657 607 863 697 suscipiendi
883 631 998 673 saeros
1021 607 1159 673 ordines
1183 613 1276 672 extra
1301 613 1472 694 tempora,

350 725 464 792 haberi
483 724 621 790 valeant
640 723 871 789 ordinationes
885 723 1003 788 diebus
1020 723 1130 808 sestis,
1148 721 1325 807 inquibus
1343 721 1472 806 fideles,

348 841 465 906 andita
482 841 594 924 missa,
611 863 653 903 ea
667 838 848 924 apostolica
862 837 1107 924 dispensatione
1121 836 1279 922 operibus
1292 836 1474 900 servilibus

347 977 463 1020 vacare
477 962 637 1040 possunt,
660 953 695 1018 in
715 975 812 1034 casu,
836 979 852 1014 ι)
867 951 1073 1040 respondit:
1096 978 1112 1012 s
1135 949 1387 1036 Affirmative¹.
1410 977 1425 1010 »

390 1093 419 1134 c.
437 1069 503 1133 Per
523 1069 585 1132 hos
604 1068 677 1133 dies
695 1069 833 1153 festivos
846 1067 888 1131 de
902 1073 1088 1152 precepto,
1105 1065 1139 1128 in
1159 1063 1283 1152 quibus
1302 1063 1376 1128 fieri
1393 1087 1473 1152 pos-

345 1183 390 1248 sit
413 1183 597 1264 ordinatio,
623 1181 863 1266 intelliguntur
887 1179 991 1246 etiam
1014 1179 1087 1244 dies
1111 1178 1189 1244 festi
1212 1179 1385 1243 dioecesani
1411 1185 1471 1242 aut

344 1297 447 1362 etiam
468 1297 603 1380 locales,
624 1303 663 1360 ut
687 1301 821 1360 constat
839 1301 913 1360 tum
932 1316 974 1359 ex
993 1300 1115 1359 natura
1138 1315 1267 1375 rerum,
1290 1293 1368 1380 quia
1388 1300 1470 1357 sunt

343 1433 422 1476 vere
441 1412 555 1496 festivi
573 1412 614 1475 de
628 1417 812 1495 precepto,
834 1415 908 1476 tum
932 1407 1051 1474 excit.
1075 1429 1176 1472 eausa
1201 1405 1409 1486 Tirasonen„
1431 1407 1468 1470 in

341 1547 425 1614 qua,
446 1531 485 1590 ut
503 1523 631 1610 legenti
653 1525 780 1608 solium
798 1529 907 1612 patet,
929 1522 1042 1609 agitur
1060 1522 1102 1586 de
1121 1519 1330 1609 quibuslibet
1348 1519 1468 1586 diebus

340 1638 489 1720 festivis,
512 1639 615 1703 etiam
634 1638 826 1702 dioecesanis
846 1643 881 1702 et
902 1637 1075 1702 localibus.

384 1755 419 1818 d.
433 1751 608 1819 Ordinatio
624 1751 697 1816 fieri
710 1758 825 1840 potest
838 1750 892 1815 his
907 1750 1026 1816 diebus
1041 1749 1299 1832 festiviS,etia1u
1315 1751 1463 1839 quando,

338 1867 373 1932 in
393 1867 511 1956 populi
530 1865 694 1948 favorem,
710 1866 848 1952 feriatio
868 1887 1050 1952 suppressa
1070 1871 1133 1946 est,
1150 1871 1190 1930 ut
1209 1871 1343 1930 constat
1362 1867 1464 1931 variis

338 1980 567 2048 decisionibus
598 1980 633 2046 S.
667 1979 737 2046 Rit.
769 1978 910 2066 Congu,
942 2003 975 2044 v.
1007 2003 1056 2067 g.‚
1089 1979 1125 2043 in
1156 1979 1213 2044 eit.
1247 1979 1461 2062 Marsorum,

339 2095 381 2159 12
400 2117 480 2160 nov.
504 2094 602 2177 1831,
625 2094 668 2160 ad
690 2093 741 2160 1¹.
758 2095 911 2159 —Tunc
930 2100 1062 2177 autem,
1083 2099 1122 2158 ut
1140 2093 1269 2159 dictum
1289 2103 1342 2160 est
1360 2117 1463 2182 supra

337 2231 398 2297 pro
431 2207 607 2276 ordinibus
640 2207 845 2290 minoribuS,
880 2208 977 2296 parvi
1009 2207 1113 2274 refert
1142 2209 1233 2297 quod
1264 2209 1462 2274 solemnitas

337 2323 572 2406 transferatur,
593 2323 649 2389 vel
667 2345 748 2404 non,
770 2323 806 2387 in
825 2322 1050 2404 dominicam
1072 2322 1107 2387 in
1126 2329 1271 2410 utroque
1290 2346 1371 2388 casu
1389 2324 1460 2388 fieri

336 2442 450 2525 potest
467 2437 634 2502 ordinatio
652 2438 721 2521 die,
736 2459 805 2523 quo
825 2437 943 2502 incidit
962 2440 1091 2523 festum
1096 2455 1111 2520 ,·
1125 2436 1171 2502 ita
1185 2435 1219 2502 S.
1234 2436 1302 2502 Rit.
1317 2435 1456 2524 Congr„

335 2551 371 2616 in
391 2551 448 2617 eit.
473 2549 671 2636 Quebecen„
693 2551 713 2616 6
733 2551 846 2616 martii
866 2550 969 2633 1896,
991 2550 1035 2615 ed
1056 2552 1108 2616 1³.

379 2690 408 2731 e.
435 2665 522 2730 Item
545 2664 713 2730 ordinatio
737 2664 810 2728 fieri
833 2671 947 2752 potest
970 2665 1024 2730 die
1049 2663 1153 2746 festo,
1180 2665 1284 2730 etiam
1306 2664 1457 2753 quando,

336 2779 368 2844 vi
390 2779 637 2864 Rubricarum,
662 2776 866 2844 transfertur
889 2777 1038 2844 officium
1062 2779 1105 2844 ad
1129 2778 1220 2844 diem
1243 2779 1400 2860 liberam,
1422 2791 1460 2846 ut

335 2892 466 2959 dictum
485 2898 538 2958 est
556 2892 598 2959 de
617 2891 795 2958 ordinibus
815 2891 1003 2957 minoribus
1024 2892 1077 2978 (n.
1099 2893 1170 2980 95,
1192 2895 1256 2981 3⁰).

379 3011 408 3092 f.
435 3007 586 3072 Tandem
611 3008 684 3074 heeo
711 3005 864 3073 clausula
890 3006 932 3072 de
958 3007 1076 3072 diebus
1103 3008 1200 3093 festis
1226 3009 1267 3072 de
1289 3021 1456 3098 praecepto

335 3120 418 3186 adeo
437 3121 589 3210 vulgaris
612 3128 721 3187 estet
744 3129 842 3203 nota,
864 3127 904 3186 ut
927 3121 1030 3186 etiam
1053 3119 1088 3185 in
1112 3121 1254 3187 indultis
1277 3122 1313 3187 in
1335 3123 1457 3210 quibus

334 3257 403 3299 non
418 3236 567 3322 ponitur,
584 3235 796 3320 subinteiiiyi
814 3235 943 3300 debeat.
962 3234 1063 3300 Ratio
1078 3242 1131 3300 est
1145 3237 1225 3323 quia
1238 3235 1317 3302 finis
1335 3237 1457 3304 indulti

334 3357 432 3414 estre
452 3357 603 3436 tempora
622 3357 674 3414 est
691 3355 827 3416 tantum
845 3356 884 3415 ut
898 3349 970 3414 fieri
984 3350 1094 3437 possit
1106 3350 1273 3416 ordinatio
1289 3358 1383 3417 extre
1399 3377 1455 3418 sex

334 3467 486 3550 tempora
518 3486 579 3550 per
608 3485 735 3528 annum
768 3463 1009 3552 determinata,
1044 3486 1114 3532 non
1144 3487 1225 3529 vero
1258 3472 1354 3531 extra
1384 3467 1457 3532 dies

334 3575 522 3642 dominicos
541 3577 613 3664 (aut
632 3577 799 3667 festivos),
821 3577 946 3666 quibus
965 3601 984 3643 a
1005 3585 1156 3666 tempore
1179 3579 1215 3645 S.
1237 3579 1362 3646 Leonis
1381 3581 1456 3647 alli-

333 3695 413 3776 gate
427 3697 481 3756 est
495 3713 590 3756 sacra
605 3691 784 3758 ordinatio.
804 3690 902 3770 Quod
916 3691 1015 3757 valde
1030 3692 1250 3758 confirmatur
1265 3717 1307 3759 ex
1322 3694 1456 3762 decreto

334 3802 576 3870 innocentieno
600 3828 702 3893 supra
724 3807 849 3898 relato,
867 3805 968 3894 juxte
992 3806 1085 3894 quod
1106 3805 1301 3895 hujusmodi
1324 3809 1455 3874 indulta

332 3940 507 4006 nunquam
531 3919 762 3986 conceduntur
786 3928 844 3986 aut
868 3943 1028 3987 concessa
1053 3926 1234 3986 censentur
1257 3945 1317 4010 pro
1337 3923 1456 3988 diebus

363 4124 372 4159 ¹
393 4123 561 4181 Thesaurus,
579 4123 628 4172 loc.
642 4122 698 4182 cit,
714 4139 741 4186 p.
758 4127 858 4184 58-62,
874 4128 913 4174 61.

362 4201 467 4253 ²Decr.
483 4201 570 4259 autb„
586 4217 612 4250 n.
629 4205 704 4261 2682,
720 4203 740 4252 t.
756 4217 787 4261 ιι,
803 4217 830 4264 p.
845 4207 898 4252 2³3.

362 4281 372 4315 ²
389 4279 467 4330 Decr.
483 4279 570 4338 autb,
587 4293 612 4328 n.
629 4283 699 4338 ³8⁹0,
715 4281 735 4328 t.
751 4295 793 4340 ιιι,
809 4295 835 4343 p.
849 4287 903 4330 199.
