3294 5054
352 469 406 524 “tl
692 473 735 522 DE
754 472 884 524 RITIBUS
904 471 1140 522 ORDlh'thONlS

360 612 492 698 Virpine
502 613 617 690 Maria,
629 620 659 674 et
670 612 760 675 beato
775 614 916 696 apostolo
927 614 1032 686 Petro,
1045 611 1143 674 salvet
1153 619 1184 673 et
1194 611 1350 673 custodiat
1365 621 1395 672 et
1404 633 1486 694 pro·

354 723 440 800 tepet
460 723 488 778 te
503 717 669 779 Dominus.
688 717 802 779 Amen.
822 719 858 778 El
879 719 903 778 si
919 718 957 778 ad
973 717 1218 778 subdiaconatus
1237 717 1373 778 officium
1388 717 1485 776 volu-

354 823 413 883 erit
428 843 498 882 eum
515 843 697 904 provocare,
712 823 879 884 adducitur
893 822 931 883 ad
947 823 1096 896 medium,
1111 829 1142 882 et
1153 822 1240 903 jurat
1252 842 1356 882 coram
1371 831 1484 882 sancta

355 925 472 988 Christi
487 927 647 1006 evangelia
660 927 699 987 de
712 935 847 1008 quatuor
859 927 995 1008 capitula
1007 927 1179 987 secundum
1192 944 1344 999 canones;
1359 934 1390 984 et
1405 934 1486 985 tunc

355 1031 493 1112 porriget
508 1031 535 1091 ei
551 1031 789 1092 archidiaconus
805 1033 852 1090 vel
867 1031 1032 1112 episcopus
1045 1031 1171 1092 calicem
1186 1039 1327 1092 sanctum
1343 1031 1374 1090 in
1389 1030 1486 1090 ulnas

355 1133 438 1194 Ioras
458 1135 599 1216 planeta;
617 1143 648 1196 et
668 1157 700 1196 se
720 1135 750 1194 in
771 1143 884 1196 terram
906 1143 1098 1216 prosternet,
1115 1143 1146 1196 et
1166 1135 1220 1196 dat
1239 1135 1266 1194 ei
1286 1134 1481 1200 orationem,

355 1245 497 1320 utsupra
512 1239 647 1300 diximus
658 1239 680 1300 ¹.
699 1263 714 1295 »
730 1275 770 1286 -
787 1239 896 1299 Unde:

399 1347 427 1402 1⁰
452 1343 543 1403 Ritus
567 1344 772 1404 ordinationis
796 1344 935 1425 acolythi
959 1351 1083 1404 constat
1108 1342 1279 1404 traditione
1302 1341 1426 1402 saeculi
1449 1351 1483 1400 et

354 1446 538 1508 recitatione
553 1447 717 1530 praedictae
732 1447 903 1519 orationis;
918 1469 988 1528 quae
1004 1455 1108 1508 tamen
1128 1448 1228 1508 oratio
1249 1447 1292 1506 nil
1312 1465 1482 1507 commune

354 1551 468 1612 habere
489 1552 614 1612 videtur
635 1573 705 1613 cum
725 1553 865 1613 oratione
884 1553 1130 1624 consecratoria,
1151 1573 1222 1612 cum
1243 1571 1303 1612 non
1324 1550 1482 1630 exprimat

354 1655 483 1735 gradum
501 1677 557 1716 nec
572 1657 726 1730 officium,
743 1657 781 1718 ad
798 1657 881 1739 quod
897 1663 1075 1717 assumatur
1089 1655 1291 1717 ordinandus.
1307 1690 1348 1700 -
1362 1656 1482 1714 Saccu-

354 1761 402 1821 lus
416 1769 521 1821 autem
537 1761 588 1821 ille
608 1770 675 1822 erat
689 1762 727 1822 ad
748 1762 958 1842 recipiendam
973 1769 1005 1821 et
1019 1760 1220 1821 deserendam
1235 1759 1478 1821 eucharistiam:

353 1865 437 1946 quod
454 1865 548 1925 luisse
564 1885 677 1926 munus
691 1865 829 1948 acolythi
845 1865 963 1926 dictum
979 1873 1027 1925 est
1042 1885 1152 1945 supra,
1170 1886 1201 1924 n.
1219 1867 1282 1944 14,
1297 1863 1341 1923 4⁰.

393 1973 426 2028 2⁰
445 1969 537 2029 Ritus
555 1968 760 2030 ordinationis
781 1969 962 2030 subdiaconi
982 1977 1107 2030 constat
1127 1967 1297 2030 traditione
1317 1967 1427 2028 calicis
1447 1975 1478 2027 et

351 2073 530 2154 prolatione
544 2073 687 2156 ejusdem
703 2073 871 2150 orationis,
888 2095 958 2155 quau
974 2095 1066 2154 supra
1082 2074 1179 2134 relata
1200 2081 1257 2133 est.
1272 2072 1362 2141 Quod
1382 2073 1478 2132 etiam

352 2177 475 2256 egregie
494 2185 619 2238 constat
638 2178 817 2238 testimonio
836 2177 966 2238 loannis
982 2177 1113 2238 Diaconi
1134 2179 1233 2251 (circa
1252 2197 1367 2236 annum
1387 2177 1477 2250 500),

353 2281 444 2362 epist.
462 2281 515 2342 Ad
532 2281 716 2358 Senarium,
740 2303 769 2341 n.
790 2287 847 2342 10:
866 2307 880 2336 «
899 2281 997 2362 Cujus
1012 2281 1233 2361 (subdiaconi)
1249 2280 1299 2341 hic
1318 2281 1400 2362 apud
1422 2302 1479 2339 nos

353 2385 431 2446 ordo
446 2395 504 2458 est,
520 2394 554 2446 ut
566 2393 694 2468 accepto
708 2387 916 2446 sacratissimo
930 2387 1025 2446 calice
1038 2387 1069 2446 in
1083 2407 1146 2467 quo
1159 2386 1324 2446 consuevit
1337 2385 1479 2466 pontifex

353 2490 501 2552 dominici
516 2491 675 2570 sanguinis
695 2491 855 2552 immolare
872 2491 1071 2571 mysterium,
1088 2489 1299 2550 subdiaconus
1315 2489 1380 2570 jam
1395 2489 1480 2549 dica·

353 2593 437 2655 tur’.
460 2621 474 2650 n
503 2631 540 2640 -
567 2596 705 2656 Futurus
731 2604 835 2656 autem
863 2594 1073 2655 subdiaconus
1099 2594 1290 2654 ordinationi
1316 2593 1481 2674 praemittit

349 2700 562 2780 juramentum
578 2721 640 2781 quo
660 2699 795 2760 affirmat
809 2721 841 2760 se
862 2720 924 2759 non
941 2700 1113 2780 patravisse
1128 2705 1263 2779 quatuor
1282 2697 1334 2758 illa
1349 2698 1479 2758 crimina

353 2824 434 2885 qua,
448 2805 539 2885 juxta
554 2825 700 2876 canones
717 2803 925 2864 excludebant
940 2803 979 2863 ab
994 2803 1173 2874 ordinibus,
1191 2823 1302 2882 nempe
1318 2807 1371 2880 (ut
1385 2823 1482 2881 expo-

354 2909 439 2968 nitur
460 2909 491 2967 in
513 2909 622 2969 eodem
646 2907 766 2968 Ordine
792 2906 882 2984 VIII,
908 2929 938 2966 n.
960 2907 1008 2984 l),
1030 2907 1218 2978 sodomiam‚
1242 2905 1478 3008 bestialitatem.

353 3013 558 3086 adulterium,
576 3021 718 3094 stuprum
734 3033 805 3072 cum
821 3011 941 3090 virgine
957 3011 1024 3072 Deo
1040 3032 1136 3072 sacra.

395 3185 479 3248 19⁷.
495 3219 533 3229 -
549 3185 736 3247 Ordinatio
755 3185 911 3245 lectorio.
926 3217 966 3226 —
982 3183 1028 3240 De
1049 3181 1106 3240 hac
1125 3187 1222 3259 agunt
1238 3179 1382 3240 Canones
1401 3177 1481 3260 Hip·

351 3287 468 3368 polyti,
484 3309 515 3348 n.
528 3288 586 3347 48:
603 3315 617 3344 a
633 3287 692 3356 Qui
708 3287 911 3347 constituitur
925 3283 1095 3362 ἆνκγνώστης
1111 3293 1240 3344 ornatus
1255 3285 1295 3344 sit
1311 3283 1481 3344 virtutihus

355 3391 493 3466 diaconi,
517 3414 618 3474 neque
638 3413 749 3452 manus
768 3391 795 3451 ei
815 3391 996 3471 imponatur
1018 3390 1130 3469 primo,
1152 3388 1205 3449 sed
1226 3387 1422 3468 evangelium
1442 3387 1481 3448 ab

356 3497 504 3577 episcopo
519 3497 577 3578 ipsi
594 3495 803 3576 porrigatur³.
822 3521 835 3550 n
854 3495 946 3554 Forte
963 3494 1055 3554 etiam
1076 3491 1143 3552 haec
1158 3493 1315 3553 ordinatio
1330 3513 1481 3552 memora-

356 3607 408 3660 tur
421 3600 453 3660 in
470 3599 590 3661 Ordine
610 3599 700 3676 l'III,
722 3622 753 3660 n.
773 3605 784 3658 l
804 3617 810 3659 :
830 3597 956 3658 «Pueri
977 3597 1055 3657 bene
1076 3596 1281 3678 psallentes..
1303 3597 1482 3657 nutriuntur

356 3703 387 3764 in
408 3705 513 3765 schola
533 3711 733 3765 cantorum...
758 3705 802 3764 Ex
821 3703 879 3763 hac
899 3701 1052 3782 accipient
1068 3701 1209 3783 primam
1230 3699 1479 3762 benedictionem

357 3811 399 3874 ab
413 3809 648 3872 archidiacono.
669 3835 683 3864 n

399 3915 440 3978 N.
458 3916 496 3976 B.
517 3949 558 3961 -
577 3914 797 3974 Ordinationes
817 3913 934 3974 ostiarii
955 3919 986 3972 et
1004 3911 1166 3971 exorcistae
1187 3931 1249 3968 non
1270 3917 1483 3970 memorantur

359 4019 391 4078 in
407 4017 471 4078 ullo
487 4037 524 4076 ex
539 4017 592 4076 cit.
609 4015 817 4075 documentis.

391 4131 400 4164 ¹
419 4131 522 4192 hligne.
538 4129 568 4178 P.
591 4127 629 4184 L„
645 4131 664 4177 t.
681 4143 790 4177 asxvnr.
804 4127 855 4175 col.
871 4130 1022 4174 1000·1001.

391 4209 402 4244 ¹
420 4209 523 4272 hligne..
539 4206 569 4255 P.
589 4207 626 4262 1...
643 4209 662 4254 t.
679 4221 731 4261 mx.
748 4205 799 4253 col.
817 4209 870 4252 too.

392 4288 402 4320 ³
421 4286 577 4344 buchesne,
595 4284 644 4333 loc.
661 4283 717 4335 rit..
734 4297 759 4344 p.
775 4287 828 4330 528.
