3290 5060
311 505 360 556 126
575 507 619 556 DE
638 506 775 556 LEGIBUS
795 505 909 556 SACRAE
928 505 1165 556 onulxirlonls

307 657 436 730 rentur,
457 648 645 714 ordinando
664 649 806 713 elericos
825 647 889 712 sibi
908 648 974 712 alia
992 648 1123 713 ratione
1142 648 1313 732 subditae,
1331 675 1433 740 quam

308 765 437 830 ratione
456 763 615 850 originis;
637 763 729 850 quod
747 763 927 827 deducitur
946 785 988 826 ex
1007 762 1124 828 relatis
1144 763 1256 830 verbis
1272 767 1314 830 de
1334 767 1433 831 Heri-

307 885 425 944 court:
451 905 467 938 a
485 878 532 942 lls
547 877 731 942 observent
750 885 838 941 cette
854 877 946 964 regle
965 899 1041 941 avec
1056 899 1145 942 aare:
1160 879 1395 947 d'eoeactitude.
1415 906 1430 944 r

350 1107 419 1176 49.
438 1145 483 1156 —
502 1108 610 1177 Usus
635 1106 867 1174 hodiernus.
892 1145 935 1154 —
962 1107 1025 1170 Hie
1048 1129 1131 1171 usus
1154 1129 1257 1195 quern
1283 1109 1433 1197 episcopi

307 1222 494 1288 Galliarum
528 1220 662 1284 seculis
698 1219 879 1306 praeteritis
917 1218 1161 1302 observabant,
1197 1222 1238 1285 ad
1276 1230 1431 1288 nostrum

305 1359 414 1424 usque
441 1359 552 1400 aevum
578 1335 783 1422 permansit3
812 1334 903 1398 unde
931 1334 1034 1398 etiam
1059 1333 1159 1398 hodie
1188 1336 1338 1424 episcopi
1363 1359 1431 1402 non

306 1451 419 1515 solent
443 1450 598 1514 ordinare
624 1448 690 1512 nisi
714 1471 793 1512 auos
820 1449 949 1512 ratione
975 1449 1117 1532 oriyinis
1141 1451 1312 1534 subditos,
1341 1459 1375 1516 et
1402 1453 1433 1516 si

306 1565 441 1654 quando
462 1563 615 1628 subditos
640 1563 770 1626 ratione
789 1561 952 1626 domicilii
971 1561 1157 1626 ordinaturi
1178 1571 1274 1644 sunt,
1297 1565 1432 1652 exigere

306 1679 417 1744 solent
435 1685 475 1742 ut
492 1679 717 1765 impetrentur
736 1675 778 1740 ab
798 1661 960 1764 episcopo
976 1675 1115 1762 originis
1130 1678 1251 1742 litterae
1270 1701 1432 1765 excorpo-

307 1795 458 1858 rationia.
476 1793 720 1856 Verumtamen
739 1791 829 1854 hune
849 1813 950 1855 usum
970 1813 1036 1854 non
1057 1790 1185 1855 habent
1203 1799 1242 1856 ut
1255 1797 1432 1879 precepti-

306 1930 401 1990 vum,
428 1913 462 1970 et
489 1905 564 1969 ideo
588 1927 832 1992 nonnunquam
855 1905 990 1992 proprio
1010 1905 1086 1992 jure
1110 1913 1265 1970 utuntur.
1290 1943 1335 1955 —
1358 1906 1431 1972 lmo

305 2019 677 2107 conciliumprovineiae
686 2017 1428 2102 RhemensiS‚SuessionehabitumandSlll,

305 2134 359 2200 tit.
376 2154 412 2214 x,
427 2156 457 2198 e.
475 2154 497 2213 1,
519 2133 619 2221 plene
638 2133 788 2198 restituit
802 2133 860 2220 jus
880 2155 1071 2214 commune,
1085 2131 1187 2219 juxta
1204 2131 1335 2199 bullam
1351 2135 1431 2222 Spe-

305 2248 504 2312 culatores¹.
528 2237 789 2312 -Notandum
812 2253 881 2328 est,
907 2246 943 2310 iu
966 2269 1032 2311 usu
1055 2246 1260 2330 Galliarum,
1283 2249 1372 2326 siout
1394 2251 1429 2313 in

300 2363 378 2450 jure
396 2361 579 2442 communi,
596 2385 664 2426 non
684 2360 831 2448 intelligi
847 2361 1042 2448 episcopum
1062 2362 1216 2446 oripinis,
1233 2363 1429 2451 episcopum

303 2477 396 2541 illius
420 2475 591 2557 dioecesis,
613 2476 648 2538 in
673 2499 739 2563 qua
763 2475 839 2562 quis
862 2477 1009 2560 fortuito
1033 2483 1135 2540 natus
1159 2483 1226 2557 est,
1254 2476 1314 2540 sed
1338 2477 1429 2543 illius

304 2591 476 2668 dicerene,
503 2591 537 2655 in
564 2613 630 2677 qua
656 2591 733 2678 quis
760 2589 960 2654 normaliter
985 2596 1085 2654 natus
1111 2597 1179 2669 est,
1201 2590 1301 2677 juxta
1326 2615 1428 2679 supra

304 2705 457 2794 exposita
482 2707 533 2784 (n.
562 2704 644 2789 29).
672 2704 727 2769 Sic
755 2727 827 2768 rem
856 2701 1071 2791 explicabant
1096 2703 1258 2784 Hallier2,
1285 2705 1428 2769 collator

303 2818 563 2906 Andegavensis
576 2820 598 2900 ³,
620 2825 684 2883 ete.

335 2998 342 3030 ¹
363 2999 428 3046 Arta
442 3000 467 3045 et
480 2997 586 3045 decreta
597 2995 707 3046 concilii
715 2995 865 3059 provinciae
874 2996 1039 3054 Ithemenais,
1053 3001 1115 3054 ete,
1128 2997 1242 3046 Lutetioe
1252 2997 1425 3055 Parisiorum,

303 3081 376 3134 raro,
393 3091 419 3137 p.
435 3079 474 3122 aa.

333 3159 345 3193 ¹
362 3155 422 3203 Lac.
438 3153 483 3202 cit.

333 3233 343 3266 ³
360 3232 492 3288 tuerit,
509 3247 535 3295 p.
550 3237 641 3280 80-81.
