3290 5060
331 443 365 498 86
598 448 642 498 DE
660 447 800 498 LEGIBUS
820 447 933 498 SAGRAE
949 449 1190 500 onninamente

330 597 390 655 tuo
413 589 591 671 manendi;
618 613 720 678 porro
743 591 816 656 fieri
842 599 957 679 potest
979 599 1019 657 ut
1042 592 1118 682 quis
1141 615 1210 656 non
1233 591 1357 658 habeat
1379 593 1460 681 qui-

330 703 408 768 dem
423 703 633 769 domicilium
647 705 682 769 in
696 705 855 793 parochia
874 706 931 770 vel
946 707 1099 786 civitate,
1116 705 1177 772 sed
1191 712 1305 771 tamen
1321 708 1459 771 firmum

331 819 542 906 propositum
562 817 685 884 habeat
709 842 844 907 semper
865 820 1065 884 remanendi
1084 821 1119 884 in
1138 820 1293 900 dioecesi,
1315 821 1396 884 licet
1414 820 1458 886 de

330 932 489 1019 parochia
512 933 547 998 in
571 933 764 1022 parochiam
789 933 972 1022 aliquando
997 941 1168 1016 transeat3
1190 959 1223 1000 v.
1250 959 1298 1022 g.‚
1327 935 1356 998 si
1379 935 1458 1022 quis

329 1045 478 1110 officium
508 1047 645 1134 quidem
674 1047 716 1112 ad
744 1054 865 1113 nutum
895 1047 1086 1113 revocabile
1112 1057 1286 1132 exerceat,
1317 1051 1378 1115 sed
1408 1049 1457 1113 ita

330 1167 444 1226 tamen
462 1168 503 1227 ut
520 1169 668 1250 nequeat
685 1161 777 1227 mitti
791 1168 889 1228 extra
908 1163 1034 1227 limites
1049 1162 1224 1244 dioecesis3
1245 1164 1280 1228 in
1296 1164 1359 1228 boc
1374 1187 1456 1250 ergo

220 1323 222 1326 -
329 1295 410 1338 casu
429 1274 532 1340 habet
550 1277 662 1340 sedem
681 1284 884 1362 perpetuam
904 1299 966 1342 seu
990 1299 1122 1342 moram
1139 1277 1299 1342 stabilem
1317 1278 1352 1342 in
1372 1277 1457 1342 dioe-

328 1388 414 1470 cesi,
435 1387 516 1455 licet
534 1412 604 1454 non
623 1389 844 1456 domicilium.
862 1391 1027 1455 -Porro
1045 1390 1109 1456 hoo
1129 1391 1270 1474 sufficit,
1291 1399 1331 1457 ut
1349 1391 1453 1472 filius,

328 1501 471 1568 durante
491 1503 554 1568 hac
578 1525 672 1569 mora
691 1511 808 1586 natuS,
830 1504 963 1569 dicatur
985 1505 1020 1569 in
1039 1505 1178 1571 dioeoesi
1194 1512 1296 1570 natus
1315 1527 1454 1570 norma-

329 1614 419 1700 liter,
451 1639 521 1680 non
554 1640 596 1680 es
623 1618 796 1682 accidenti.
826 1617 926 1683 Ratio
955 1627 1007 1683 est
1036 1620 1115 1706 quia
1143 1618 1379 1698 InnocentiuS,
1409 1619 1455 1683 ad

328 1729 555 1796 definiendam
585 1731 802 1797 nativitatem
839 1733 1043 1814 normalem,
1077 1733 1173 1798 nullo
1212 1733 1313 1797 modo
1347 1733 1454 1819 exigit

326 1844 554 1928 domicilium,
581 1845 623 1909 de
643 1869 709 1934 qua
732 1868 776 1910 ne
799 1868 906 1910 unum
929 1845 1067 1933 quidem
1086 1846 1228 1912 verbum
1251 1847 1369 1929 habet,
1392 1849 1453 1913 sed

326 1958 563 2022 tantummodo
588 1959 739 2025 excludit
763 1983 896 2024 moram
920 1959 1141 2048 temporalem
1161 1961 1195 2026 in
1221 1962 1306 2046 loco,
1328 1985 1453 2050 nempe

326 2069 362 2133 in
386 2070 534 2137 dioecesi.
561 2073 709 2155 Revera,
736 2074 872 2162 quando
900 2075 1118 2140 Innocentius
1144 2077 1285 2164 requirit
1310 2077 1453 2142 domici-

327 2183 428 2267 lium,
460 2184 545 2250 illud
575 2188 710 2274 proprie
734 2187 910 2275 exprimit,
939 2189 1006 2270 uti,
1032 2213 1066 2254 v.
1092 2213 1141 2276 g.,
1168 2190 1202 2254 in
1227 2190 1333 2255 altera
1356 2199 1452 2279 parte

307 2297 423 2373 ‚relati
441 2305 557 2364 textus
575 2318 583 2364 :
605 2327 621 2360 «
640 2301 689 2364 At
704 2301 733 2366 si
746 2309 882 2389 pater...
899 2301 984 2366 inibi
999 2325 1073 2367 vere
1087 2305 1299 2369 domicilium
1313 2307 1353 2368 de
1366 2308 1453 2392 jure

325 2414 574 2479 contraxerit...
595 2442 610 2475 »
629 2415 731 2502 Ergo,
749 2416 778 2479 si
794 2422 892 2502 pater
906 2414 1029 2481 habeat
1048 2417 1083 2480 in
1102 2415 1240 2482 dioecesi
1259 2419 1375 2484 sedem
1391 2441 1452 2484 seu

325 2549 455 2592 moram
482 2526 657 2602 stabilem,
679 2529 786 2609 filma,
815 2529 958 2595 durante
978 2530 1041 2596 bac
1067 2553 1162 2596 mora
1186 2540 1306 2616 natus,
1327 2533 1452 2598 dicitur

325 2639 371 2704 ibi
389 2649 491 2706 natus
511 2643 723 2726 normaliter,
744 2665 814 2707 non
833 2665 914 2708 vero
934 2667 975 2708 ec
994 2645 1168 2710 accidenti.
1234 2705 1237 2712 ,

368 2755 405 2818 40
431 2755 575 2834 Quando
601 2764 715 2821 autem
742 2756 951 2822 ordinandus
977 2758 1013 2822 in
1041 2757 1155 2846 aliqua
1184 2759 1322 2825 dioecesi
1348 2767 1451 2826 nabis

323 2876 377 2932 est
395 2892 436 2931 en
455 2871 630 2953 accidenti,
647 2871 721 2958 ejus
736 2872 916 2960 episcopus
931 2872 1072 2958 originis
1092 2881 1144 2938 est
1158 2873 1338 2962 episcopus
1356 2874 1450 2940 illius

324 2983 496 3065 dioeoesis‚
523 2983 666 3072 inqua,
694 2992 843 3070 tempore
868 2987 1053 3050 nativitatis
1075 2988 1157 3071 filii,
1179 2996 1281 3073 pater
1304 2989 1451 3053 babebat

324 3097 375 3160 vel
394 3099 621 3181 domicilium,
643 3098 696 3161 vel
713 3099 849 3182 saltem,
876 3098 911 3161 in
932 3121 1035 3164 sensu
1059 3101 1231 3188 exposito,
1251 3103 1363 3166 sedem
1380 3111 1451 3166 sta-

323 3211 438 3276 bilem.
465 3249 511 3262 —
538 3211 638 3276 Ratio
667 3218 721 3276 est
749 3211 844 3301 quia,
873 3212 909 3276 in
937 3213 1002 3277 hoc
1030 3235 1127 3295 casu,
1161 3215 1251 3280 lilius
1279 3223 1447 3296 censetur,

322 3326 456 3408 fictione
473 3326 585 3411 juria,
607 3333 709 3390 natus
732 3328 768 3390 in
791 3326 867 3391 loco
886 3327 1050 3391 domicilii
1072 3335 1271 3417 parentum;
1293 3328 1340 3393 ibi
1359 3329 1450 3394 enim

324 3438 526 3502 normaliter
544 3441 638 3503 nasci
659 3438 787 3504 debuit.
810 3441 891 3504 Haec
915 3441 1006 3506 fictio
1026 3442 1166 3507 valebat
1184 3442 1261 3530 jure
1280 3443 1448 3524 Romano,

322 3557 362 3616 ut
381 3559 517 3616 constat
535 3559 609 3616 tum
630 3552 669 3617 L.
691 3553 922 3638 Hujusmodi,
945 3553 998 3636 Sl,
1020 3557 1241 3642 §Leqatum,
1265 3557 1318 3638 10,
1341 3557 1375 3620 ff.
1399 3557 1450 3621 Du

321 3685 469 3746 secaris,
493 3669 508 3729 l
533 3665 676 3752 (XXX),
697 3665 756 3731 ubi
775 3667 805 3732 is
824 3667 883 3753 qui
902 3667 938 3730 in
957 3667 1035 3754 fuga
1057 3676 1121 3750 est,
1143 3677 1302 3734 censetur
1318 3669 1450 3734 esseio

319 3777 398 3842 loco
422 3801 441 3842 a
469 3801 535 3867 quo
565 3779 668 3865 fugit,
693 3787 836 3845 -tum
859 3779 898 3845 L.
924 3781 1043 3864 Retro,
1076 3781 1133 3863 16,
1164 3783 1200 3847 ff.
1229 3783 1279 3847 ΒΕ
1309 3804 1450 3848 οΔΡτινιε

324 3890 458 3978 (XLIX,
475 3894 548 3980 xv),
570 3892 628 3957 ubi
647 3893 676 3958 is
691 3895 749 3981 qui
768 3892 810 3958 ab
828 3891 986 3958 hostibus
1005 3895 1040 3958 in
1060 3895 1233 3960 civitatem
1254 3897 1448 3978 revertitur,

323 4013 480 4070 censetur
499 4009 632 4095 semper
651 4006 754 4072 luisse
774 4007 809 4071 in
829 4007 979 4074 civitate.
997 4008 1115 4090 Porro,
1137 4009 1208 4074 haec
1228 4009 1332 4092 fictio,
1349 4010 1450 4075 valde

320 4120 447 4185 rationi
465 4143 629 4202 consona,
651 4127 786 4209 recepta
806 4145 940 4209 quoque
964 4121 1028 4188 fuit
1052 4123 1088 4187 in
1109 4123 1185 4211 jure
1210 4124 1389 4204 canonico,
1414 4132 1451 4189 et

322 4233 516 4321 specialiter
534 4236 569 4299 in
588 4243 705 4300 nostro
725 4258 821 4316 casu,
843 4243 882 4300 ut
900 4243 1034 4302 constat
1053 4238 1224 4302 communi
1248 4238 1451 4326 interpreta-
1481 4251 1483 4255 ’
