3300 5056
413 487 457 537 DE
476 485 688 538 TEMPORIBUS
708 486 748 536 ΕΤ
767 485 851 538 Loco
872 484 1124 536 ORDINATIONUM
1281 483 1334 538 253

205 631 454 714 Rubricarum,
480 627 684 695 transfertur
708 627 857 694 officium
881 627 925 692 ad
948 627 1039 694 diem
1057 627 1210 694 liberam.
1232 627 1334 694 Ratio

207 750 261 810 est
279 743 356 832 quia
380 750 461 809 tunc
485 743 590 810 etiam
608 747 778 824 remanet,
800 743 853 808 die
873 741 1060 807 incidentia
1078 743 1174 828 serti,
1196 743 1334 828 feriatio

207 882 268 924 seu
293 857 420 945 duplex
445 856 564 946 populi
589 862 807 945 praeceptum.
828 895 873 904 —
892 856 1004 921 Aliter
1028 856 1209 922 dicendum
1233 857 1278 938 si,
1302 859 1334 922 vi

208 971 499 1038 Concordatorum
514 969 571 1035 vel
585 971 819 1054 Indultorum,
832 977 998 1056 perpetuo
1013 978 1045 1034 et
1061 971 1210 1036 totaliter
1224 978 1334 1036 trans-

205 1087 351 1152 ferretur
374 1084 446 1150 dies
471 1084 595 1166 lestus,
621 1107 656 1151 v.
681 1106 730 1170 g.,
756 1083 792 1149 in
816 1082 1021 1148 dominicam
1044 1090 1260 1172 sequentem,
1286 1085 1334 1152 ita

206 1208 261 1282 ut,
283 1201 336 1265 die
356 1199 543 1264 incidentia
561 1198 657 1284 sesti,
679 1197 766 1262 nihil
785 1221 924 1286 prorsus
943 1205 1144 1264 remaneret.

251 1315 286 1380 d.
314 1311 490 1379 Ordinatio
520 1311 594 1378 fieri
623 1317 738 1398 potest
766 1311 820 1376 die
851 1310 954 1394 festo,
985 1311 1089 1377 etiam
1117 1312 1270 1399 quando,
1298 1311 1334 1378 in

206 1428 359 1494 savorem
377 1426 510 1515 populi,
532 1427 568 1490 vi
587 1424 878 1492 Concordatorum
902 1431 961 1491 aut
981 1424 1210 1507 Indultorum,
1232 1427 1335 1492 dimi-

206 1544 320 1609 diatus
348 1547 417 1622 est,
442 1540 478 1604 id
506 1547 574 1620 est,
602 1540 755 1627 quando,
782 1563 801 1605 e
829 1538 963 1606 duobus
991 1539 1169 1629 praeceptis
1197 1541 1332 1629 populi,

206 1679 315 1722 unum
329 1661 464 1721 tantum
483 1660 648 1736 remanet,
665 1677 801 1743 nempe,
817 1661 1026 1742 praeceptum
1044 1660 1084 1720 ut
1103 1654 1216 1720 missae
1231 1655 1335 1720 inter-

207 1771 264 1836 sit.
281 1767 440 1848 —Quod
459 1766 672 1834 concluditur
690 1791 710 1833 a
728 1768 869 1854 fortiori
888 1790 930 1833 ex
944 1767 1045 1832 dictis
1064 1790 1166 1856 supra
1181 1767 1334 1835 delestis

208 1883 402 1973 suppressis
422 1881 533 1971 quoad
552 1889 736 1970 utrumque
756 1887 976 1970 praeceptum.

216 2057 219 2064 ,
252 2021 280 2064 e.
303 1996 480 2063 Ordinatio
504 1994 576 2060 fieri
600 2003 714 2085 potest
737 1995 790 2061 die
814 1995 918 2077 sesto,
941 1995 1045 2061 etiam
1063 2002 1198 2061 tantum
1217 1998 1334 2062 dicece-

207 2135 305 2196 aano,
327 2111 395 2176 imo
420 2111 523 2176 etiam
548 2111 661 2195 locali,
684 2133 718 2176 v.
740 2133 789 2197 g.,
811 2109 957 2198 patroni.
979 2109 1080 2175 Ratio
1104 2117 1157 2176 est
1176 2111 1255 2198 quia
1272 2135 1334 2201 pro

208 2226 261 2291 his
280 2225 377 2306 locis,
394 2231 433 2290 ut
452 2225 666 2313 supponitur,
685 2230 738 2289 est
756 2246 836 2290 vere
851 2225 921 2290 dieo
938 2225 1081 2310 festivus
1095 2202 1137 2289 ear
1151 2235 1331 2313 praecepto,

207 2347 247 2406 ut
266 2340 372 2427 exigit
390 2338 588 2424 Pontificale
607 2338 820 2420 Romanum·
838 2360 901 2403 nec
920 2337 1118 2403 Alexander
1133 2337 1198 2421 111,
1219 2339 1254 2404 in
1274 2341 1331 2406 cit.

208 2477 282 2542 cap.
305 2455 354 2518 De
373 2476 426 2538 eo,
446 2452 519 2518 ullo
539 2451 640 2518 modo
660 2451 817 2518 distinxit
840 2452 929 2517 inter
948 2451 1021 2517 dies
1040 2451 1182 2517 festivos
1203 2451 1334 2542 dejure

208 2569 380 2634 communi
404 2573 437 2633 et
461 2567 534 2632 dies
558 2565 700 2632 festivos
723 2566 862 2654 dejure
881 2567 1100 2652 particulari.
1127 2566 1270 2649 Verum,
1296 2574 1336 2633 ut

207 2689 318 2772 patet,
341 2681 370 2747 si
390 2689 510 2769 agatur
529 2681 571 2746 de
594 2679 681 2746 festo
703 2681 801 2746 locali
805 2680 1007 2766 ,ordinatio
1031 2679 1104 2744 fieri
1127 2681 1247 2770 nequit
1269 2681 1335 2746 nisi

208 2798 243 2864 in
262 2797 356 2877 loco,
376 2795 435 2860 ubi
454 2793 580 2878 festum
598 2794 723 2883 agitur.

254 2910 287 2976 4⁰
303 2908 447 2989 Quando
466 2909 590 2994 agitur,
613 2931 680 2973 non
699 2909 740 2972 de
756 2909 874 2994 paucis
892 2915 952 2972 aut
971 2906 1103 2992 aliquot
1122 2908 1332 2992 ordinandis,

209 3025 270 3092 sed
302 3025 342 3089 de
375 3023 586 3088 ordinatione
618 3022 786 3109 pancrati,
820 3020 863 3086 ad
895 3020 1032 3086 ordines
1065 3021 1229 3104 minores,
1263 3023 1335 3088 fieri

209 3138 328 3228 nequit
351 3136 518 3202 ordinatio
539 3135 606 3201 nisi
629 3137 665 3200 in
692 3159 752 3202 sex
769 3133 1007 3201 'determinatis
1037 3133 1203 3217 sabbatis,
1227 3136 1335 3202 veluti

209 3253 238 3319 si
261 3258 383 3340 agatur
406 3250 448 3316 de
470 3249 684 3316 conferendis
709 3249 813 3315 sacris
839 3246 1026 3314 ordinibus
1046 3285 1093 3296 —-
1112 3248 1255 3316 Constat
1274 3251 1332 3316 cit.
1413 3231 1414 3236 ἵ

210 3390 284 3455 cap.
306 3367 355 3431 De
374 3389 428 3451 eo,
449 3363 638 3430 Alexandri
658 3361 719 3430 III.

255 3483 289 3547 5⁰
312 3479 402 3560 Quid
429 3477 611 3544 dicendum
638 3477 681 3543 de
709 3477 964 3561 consuetudine,
995 3477 1031 3542 vi
1061 3475 1157 3565 cujus
1186 3477 1335 3544 minores

211 3594 347 3660 ordines
366 3591 598 3675 conferuntur,
619 3613 688 3656 non
707 3589 858 3656 sabbatis
873 3589 1027 3671 Quatuor
1040 3589 1258 3678 Temporum,
1275 3592 1335 3658 sed

209 3709 300 3795 feria
324 3707 372 3771 VI
383 3707 608 3792 precedente,
625 3713 705 3792 post
725 3705 926 3770 meridiem?
943 3743 988 3752 —-
1007 3704 1088 3770 Haec
1107 3705 1332 3787 consuetudo,

210 3829 250 3888 ut
268 3826 376 3909 patet,
393 3819 562 3886 contraria
581 3825 634 3884 est
652 3817 785 3884 duabus
803 3817 950 3907 legibue,
968 3818 1040 3900 uni,
1056 3841 1123 3906 qua
1142 3818 1338 3907 praecipitur

210 3941 250 4001 ut
268 3934 417 4000 minores
436 3933 572 3998 ordines
591 3927 810 3998 conferantur
828 3932 885 3997 vel
904 3931 1055 3997 sabbatis
1071 3929 1225 4010 Quatuor
1239 3932 1335 3997 Tem-

211 4071 351 4139 porum,
372 4045 428 4113 vel
450 4045 525 4134 <ubi
544 4069 613 4112 non
632 4045 678 4112 sit
696 4045 862 4112 ordinatio
882 4043 1069 4134 generalis)
1088 4044 1208 4112 diebus
1227 4045 1335 4111 domi-

211 4162 298 4229 nicis
320 4161 380 4228 vel
409 4159 560 4242 festivis3
589 4159 704 4242 alteri,
733 4181 799 4248 qua
828 4159 1023 4248 praecipitur
1051 4164 1091 4224 ut
1121 4158 1338 4225 conferantur

214 4299 323 4361 mane,
340 4275 420 4341 licet
438 4295 507 4340 non
527 4273 614 4340 intra
635 4274 786 4340 missam.
805 4274 902 4340 Hanc
921 4279 1036 4340 tamen
1055 4271 1335 4340 consuetudinem
