3246 5052
277 491 321 540 DE
340 489 531 550 QUIBUSDAM
551 491 680 541 ltlTlBUS
700 491 928 542 enussuntluus
948 489 1186 540 ORDlNA'l'lONlS
1241 485 1290 538 581

169 635 340 721 suscipere
369 635 520 714 ordines;
544 635 576 699 2.
607 635 657 699 Ne
687 635 762 722 quis
787 633 938 699 discedat
966 634 1032 698 nisi
1056 633 1159 698 missa
1186 632 1293 697 finita.

169 748 224 812 Fit
243 755 357 812 autern
376 748 559 836 prohibitio
579 747 642 812 sub
661 771 761 836 poena
785 747 1159 813 excommunicationis.
1181 785 1220 796 -
1245 747 1295 811 De

168 862 230 927 hac
249 862 476 950 prohibitione
497 863 726 928 benedicenda
747 881 754 928 :

215 980 249 1040 l⁰
273 977 427 1041 Primum
453 978 648 1064 exemplum
675 977 870 1064 hujusmodi
901 976 1003 1042 edicti
1032 975 1230 1041 solemniter
1260 976 1295 1039 in

167 1087 313 1178 ipsamet
348 1091 560 1156 ordinatione
598 1091 806 1178 promulgati
838 1091 1006 1179 reperitur
1034 1091 1070 1154 in
1103 1089 1296 1175 Pontificali

167 1205 318 1270 ecclesiae
338 1205 567 1290 Moguntinar‚
589 1207 678 1270 circa
698 1229 826 1270 annum
847 1205 933 1272 1300
958 1205 1121 1290 scripto¹;
1143 1205 1295 1269 continet

167 1325 281 1384 autem
302 1326 436 1384 tanturn
456 1320 603 1406 priorem
622 1319 901 1408 prohihitionem,
919 1319 979 1384 sed
992 1319 1101 1406 magis
1121 1319 1294 1383 evolutam

168 1455 271 1521 quam
295 1434 329 1497 in
354 1440 470 1498 nostro
495 1435 699 1519 Pontificali.
721 1475 766 1483 -
789 1433 948 1499 Formula
972 1441 1096 1499 nostrae
1120 1433 1294 1498 simillima

167 1547 339 1612 invenitur
365 1549 400 1612 in
425 1549 617 1633 Pontificali
640 1549 721 1614 Julii
747 1547 794 1630 ll,
817 1555 851 1613 et
875 1548 909 1612 in
929 1548 1122 1632 Pontifieali
1142 1547 1293 1638 Romano

167 1660 325 1747 Lugduni
344 1662 434 1726 edito
449 1686 503 1727 an.
528 1663 646 1728 15422.

210 1775 245 1839 2⁰
266 1775 346 1840 llaec
366 1777 587 1864 proclamatio
611 1777 683 1842 fieri
707 1776 809 1843 debet
832 1777 928 1842 initio
953 1775 1133 1864 cujuslibet
1158 1776 1293 1841 ordina-

165 1889 286 1970 tioniS‚
308 1890 388 1955 lieet
412 1891 516 1956 missa
536 1915 603 1956 non
624 1891 767 1974 dicatur,
792 1893 860 1956 imo
884 1893 987 1957 etiam
1007 1890 1088 1955 licet
1110 1913 1199 1954 unus
1217 1898 1293 1956 tan-

165 2010 240 2068 tum
264 2005 424 2091 privatim
448 2007 622 2071 ordinetur
646 2007 680 2071 in
701 2007 826 2072 sacello
846 2005 1012 2094 episcopi3
1034 2005 1090 2069 lex
1114 2005 1204 2070 enim
1224 2029 1293 2070 non

166 2117 363 2202 distinguit3
386 2119 419 2184 in
440 2143 506 2207 quo
527 2144 629 2186 sensu
649 2122 824 2208 respondit
844 2120 878 2186 S.
901 2121 1043 2185 Rituum
1064 2119 1292 2207 Congregatio

165 2231 200 2296 in
219 2255 287 2296 una
314 2233 541 2318 Venetiarum,
557 2237 598 2301 25
614 2243 701 2324 sept.
726 2235 824 2317 1852,
842 2235 884 2300 ad
904 2236 955 2299 4³.
1140 2319 1143 2326 Ι

211 2347 247 2412 3⁰
267 2345 410 2424 Quando
431 2349 598 2414 ordinatio
622 2351 660 2414 fit
679 2349 721 2414 ab
747 2350 905 2438 episcopo
930 2357 1107 2428 extraneo,
1135 2349 1176 2414 de
1197 2373 1290 2414 man-

165 2461 245 2526 dato
270 2470 328 2528 aut
356 2486 525 2528 consensu
549 2465 698 2552 episcopi
726 2465 807 2546 loci,
837 2465 907 2528 hee
937 2463 1118 2552 prohibitio
1148 2464 1197 2544 fit,
1222 2487 1290 2528 non

165 2577 302 2640 nomine
322 2577 471 2664 episcopi
492 2579 698 2660 ordinantis,
721 2580 781 2643 sed
799 2580 936 2643 nomine
961 2577 1110 2666 episcopi
1129 2577 1211 2659 loci,
1233 2580 1292 2667 qui

164 2690 306 2776 proinde
327 2692 461 2778 proprio
482 2693 617 2756 nomine
633 2693 831 2780 designatur
848 2693 882 2757 in
902 2691 1046 2758 formula
1065 2691 1288 2756 inhibitionis.

165 2805 238 2868 Hoc
257 2813 370 2868 autem
395 2805 467 2869 lieri
492 2806 607 2886 debet,
638 2807 739 2871 etiam
765 2808 793 2872 si
819 2807 996 2895 episcopus
1020 2814 1202 2872 extraneus
1222 2806 1292 2870 sor·
1352 2882 1360 2904 .

164 2941 224 2983 san
253 2919 386 2984 ordinet
404 2921 559 3008 proprios
579 2919 750 3001 subditos;
773 2922 853 2987 licet
871 2923 961 2986 enim
981 2920 1119 3010 praelata
1139 2919 1290 3006 prohibi-

163 3031 212 3096 tio
231 3033 374 3119 poenalis
389 3057 456 3097 non
477 3035 522 3099 sit
542 3035 741 3099 exercitium
757 3034 1005 3122 jurisdictionis
1025 3035 1235 3098 contentiosae
1256 3041 1289 3099 et

162 3145 303 3234 proinde
328 3148 400 3210 lieri
428 3147 539 3212 valide
559 3152 667 3236 possit
695 3150 730 3213 in
758 3150 927 3214 territorio
956 3149 1083 3226 alieno,
1117 3155 1286 3228 attamen,

162 3260 241 3350 quia
258 3261 295 3324 fit
315 3260 449 3348 publice
470 3269 504 3326 et
530 3263 740 3344 solemniter,
756 3275 834 3328 'usu
860 3263 1021 3344 invaluit,
1044 3263 1086 3327 ad
1113 3263 1288 3327 vitandam

162 3373 396 3438 confusionem
417 3375 712 3464 turbationemque
733 3377 1010 3465 jurisdictionum
1020 3379 1042 3458 ⁴,
1067 3384 1105 3442 ut
1129 3377 1231 3441 etiam
1251 3377 1285 3440 in

160 3487 252 3552 dicto
272 3511 352 3553 casu
372 3489 466 3554 fieret
487 3491 622 3556 nomine
642 3492 791 3579 episcopi
810 3492 887 3556 loci.

206 3602 242 3665 40
266 3601 409 3680 Quando
436 3604 533 3669 sedes
558 3613 668 3686 vacat,
690 3605 911 3694 proclamatio
943 3609 980 3670 lit
1007 3606 1143 3670 nomine
1169 3606 1286 3671 vicarii

159 3717 373 3804 capitularis,
403 3720 455 3783 his
477 3720 611 3786 verbis:
643 3723 949 3786 Reverendissimus
969 3723 1135 3787 Dominus
1154 3723 1199 3787 N.
1222 3723 1283 3806 N„

191 3895 200 3929 ¹
219 3897 296 3952 Quod
316 3899 446 3948 exscribit
461 3900 596 3953 Marti-ne.
612 3901 650 3948 Dc
667 3901 790 3965 antiquis
805 3901 930 3950 Ecclesiae
948 3901 1062 3960 ritihus,
1078 3903 1125 3951 lib.
1143 3902 1167 3960 l,
1184 3917 1207 3950 c.
1224 3917 1283 3960 vm,

158 3978 209 4023 art.
226 3979 268 4034 tl,
285 3991 310 4026 n.
330 3979 606 4036 16‚od.Bassani,t.
624 3997 653 4040 ιι,
674 3996 699 4042 p.
716 3985 754 4028 Τι.

190 4053 200 4086 ¹
217 4053 257 4103 Cl.
272 4055 438 4112 Catalanum,
453 4057 610 4119 Pontificatc
624 4059 782 4114 Romanum,
794 4060 821 4106 in
835 4059 877 4108 tit.
891 4059 928 4107 De
943 4059 1088 4108 ordinibus
1100 4057 1283 4120 conserendis,

158 4135 227 4190 524,
245 4149 270 4180 n.
287 4139 300 4179 3
316 4149 366 4195 sq.,
384 4135 506 4194 Parisiis,
524 4141 596 4194 1850,
613 4141 632 4185 t.
649 4153 669 4194 ι,
687 4153 712 4200 p.
730 4143 784 4186 130.

190 4210 201 4245 ³
217 4211 329 4259 Decreta
346 4213 430 4270 autb„
448 4229 473 4262 n.
490 4219 563 4270 3006,
581 4218 600 4262 t.
617 4231 647 4274 ιι,
664 4231 690 4277 p.
706 4221 760 4264 376.

189 4289 200 4322 ⁴
218 4289 257 4337 (Il.
275 4290 463 4350 ltcittcnstucl,
480 4293 506 4340 in
523 4293 565 4342 tit.
579 4294 617 4342 De
632 4293 719 4358 officio
734 4297 759 4342 et
771 4297 905 4358 potestate
916 4294 1021 4359 judicis
1035 4293 1167 4359 deteqati,
1184 4310 1210 4344 n.
1226 4299 1249 4344 9.
