3248 5052
335 463 386 514 ott
692 464 734 512 DE
754 465 859 514 SACRA
878 465 1104 514 onulnnrtouu

334 605 431 687 pluris
447 605 541 665 refert
556 605 764 678 considerare,
781 605 921 666 camdem
940 607 1096 687 pontificis
1115 608 1299 666 sententiam
1317 607 1457 688 spectare

335 704 477 762 universe
488 701 526 762 ad
537 721 645 762 omnes
656 702 898 780 Anglicanorum
910 703 1132 763 ordinationes.
1147 705 1230 763 Licet
1245 704 1327 762 enim
1339 703 1455 762 iactum

333 799 472 878 attigerit
500 797 671 878 peculiare,
703 819 764 857 non
793 807 897 858 tamen
924 821 961 858 ex
989 800 1137 880 peculiari
1163 801 1308 880 quapiam
1336 799 1455 858 ratione

333 896 472 976 prolecta
488 902 550 966 est,
563 915 670 953 verum
686 915 726 954 ea
740 893 816 953 vitio
830 895 961 976 sorma;
976 917 1039 976 quo
1054 896 1180 976 quidem
1196 897 1272 955 vitio
1288 895 1456 954 ordinatio-

332 1013 386 1051 nes
406 992 466 1050 illae
487 1011 575 1070 aeque
595 990 776 1049 alliciuntur
799 1011 923 1064 omnes;
945 992 1024 1051 adeo
1044 1001 1093 1064 ut,
1117 992 1239 1073 quoties
1259 991 1404 1071 deinceps
1424 991 1455 1048 in

332 1108 364 1147 re
380 1087 472 1146 simili
488 1086 720 1146 decernendum
736 1087 811 1158 luit,
830 1087 922 1146 toties
940 1088 1021 1146 idem
1039 1088 1209 1147 Clementis
1224 1088 1266 1147 xl
1282 1088 1455 1147 communi-

331 1191 435 1243 catum
451 1183 490 1243 sit
504 1183 675 1242 decretum.
1284 1173 1288 1181 ’

371 1281 446 1346 Qum
461 1300 531 1340 cum
549 1279 592 1337 ita
608 1279 684 1350 sint,
702 1299 764 1338 non
784 1279 869 1338 videt
889 1300 980 1338 nemo
1001 1280 1243 1339 controversiam
1264 1279 1455 1360 temporibus

330 1375 445 1434 nostris
466 1375 702 1448 exsuscitatam,
727 1375 907 1454 apostolicae
927 1376 1015 1434 Sedis
1036 1376 1155 1455 judicio
1178 1376 1336 1436 definitam
1356 1375 1454 1434 multo

329 1481 419 1531 antea
445 1471 559 1544 suisse;
582 1470 839 1551 documentisque
865 1471 927 1530 illis
951 1471 1035 1530 haud
1060 1473 1134 1530 satis
1155 1493 1247 1552 quam
1272 1479 1452 1552 oportuerat

328 1567 476 1646 cognitis,
494 1567 625 1626 sortasse
641 1566 757 1625 lactum
781 1575 814 1626 ut
836 1567 970 1647 scriptor
989 1567 1101 1648 aliquis
1122 1567 1294 1626 catholicus
1316 1566 1452 1648 disputa-

328 1663 444 1722 tionem
460 1662 497 1721 dc
513 1683 548 1722 ea
564 1661 660 1721 libere
674 1661 787 1721 habere
803 1683 865 1722 non
880 1662 1041 1722 dubitarit.
1055 1663 1207 1730 Quoniam
1223 1684 1309 1735 vere,
1322 1673 1355 1722 ut
1370 1665 1453 1744 prin-

327 1759 409 1839 cipio
425 1758 618 1830 monuimus,
637 1758 712 1816 nihil
729 1757 826 1816 Nobis
845 1759 1004 1840 antiquius
1024 1761 1223 1839 optatiusque
1243 1769 1289 1819 est
1305 1780 1397 1840 quam
1417 1768 1448 1818 ut

327 1853 505 1913 hominibus
517 1864 599 1913 recte
610 1854 753 1913 animatis
765 1855 897 1914 maxima
909 1855 1062 1934 possimus
1075 1855 1267 1934 indulgentia
1281 1865 1313 1914 et
1325 1856 1450 1914 caritate

327 1950 490 2030 prodesse,
509 1951 578 2009 ideo
590 1949 742 2030 jussimus
757 1950 788 2008 in
804 1949 952 2010 Ordinale
967 1951 1180 2030 anglicanum,
1198 1951 1281 2032 quod
1297 1959 1389 2032 caput
1404 1961 1448 2010 est

327 2047 422 2106 totius
437 2067 550 2120 causae,
567 2067 674 2105 rursus
689 2067 783 2127 quam
799 2046 1025 2106 studiosissime
1040 2047 1165 2127 inquiri.

368 2143 402 2201 ln
417 2143 479 2202 ritu
495 2141 664 2222 cujuslibet
677 2143 863 2202 sacramenti
878 2144 1062 2202 conficiendi
1074 2153 1104 2202 et
1117 2143 1365 2216 administrandi,
1380 2143 1449 2223 jure

324 2239 507 2298 discernunt
531 2239 612 2298 inter
636 2247 754 2318 partem
780 2239 1030 2298 caeremonialem
1050 2247 1082 2298 et
1101 2247 1220 2318 partem
1240 2238 1447 2314 essentialem,

325 2356 395 2416 quae
418 2333 551 2394 materia
573 2341 602 2393 et
624 2333 729 2414 [orma
748 2334 898 2415 appellari
921 2337 1097 2396 consuevit.
1119 2337 1296 2416 Omnesque
1319 2343 1447 2402 norunt,

324 2439 515 2490 sacramenta
533 2451 622 2489 novae
638 2430 730 2508 legis,
746 2438 855 2510 utpote
868 2432 954 2510 signa
971 2432 1127 2491 sensibilia
1143 2441 1237 2512 atque
1252 2433 1359 2510 gratias
1372 2432 1450 2490 invi·

324 2527 421 2586 sibilis
435 2527 617 2596 efficientia,
635 2526 748 2585 debere
768 2528 899 2605 gratiam
916 2537 946 2586 et
962 2529 1135 2606 significare
1151 2549 1242 2608 quam
1264 2529 1404 2588 elliciunt
1418 2535 1446 2586 et

324 2625 448 2683 efficere
463 2643 557 2703 quam
572 2623 757 2702 significant.
771 2625 846 2690 Quae
862 2624 1059 2702 significatio,
1072 2625 1128 2683 etsi
1144 2626 1174 2682 in
1189 2633 1255 2684 toto
1271 2625 1331 2684 ritu
1347 2645 1449 2684 esseu-

324 2720 406 2791 tiali,
423 2720 454 2778 in
468 2719 596 2778 materia
612 2719 730 2778 scilicet
746 2726 777 2778 et
792 2719 908 2792 forma,
926 2720 1032 2779 haberi
1049 2721 1157 2788 debet,
1176 2721 1331 2801 praecipue
1348 2730 1447 2780 tamen

323 2815 362 2876 ad
384 2815 515 2874 sormam
535 2807 689 2895 pertinet;
706 2835 777 2874 cum
797 2817 926 2875 materia
947 2817 987 2875 sit
1006 2838 1077 2896 pars
1098 2838 1152 2897 per
1172 2839 1203 2875 sc
1224 2838 1285 2876 non
1306 2817 1447 2876 determi-

324 2921 412 2984 nata,
429 2932 499 2991 quae
519 2910 675 2991 perillam
696 2910 931 2972 determinetur.
951 2912 1048 2992 quue
1069 2913 1099 2971 in
1120 2920 1313 2972 sacramento
1332 2913 1448 2972 ordinis

324 3008 519 3068 manifestius
535 3014 673 3087 apparet,
686 3007 776 3087 cujus
792 3007 973 3067 conserendi
990 3009 1128 3080 materia,
1141 3019 1295 3091 quatenus
1308 3010 1366 3070 hoc
1381 3010 1447 3068 loco

324 3126 357 3163 se
372 3104 426 3163 dat
441 3103 709 3176 considerandam,
728 3111 774 3162 est
789 3123 937 3163 manuum
953 3105 1129 3184 impositio;
1146 3127 1215 3186 quae
1231 3106 1356 3185 quidem
1373 3105 1448 3164 nihil

324 3200 486 3260 delinitum
502 3221 557 3280 per
577 3221 608 3258 se
629 3199 798 3278 significat,
816 3209 848 3259 et
867 3221 954 3281 aeque
975 3200 1012 3259 ad
1033 3201 1184 3282 quosdam
1205 3201 1344 3274 ordines,
1362 3222 1449 3282 aeque

324 3297 362 3356 ad
378 3297 646 3355 confirmationem
663 3305 840 3375 usurpatur.
1372 3289 1376 3300 ’

364 3393 511 3451 Jamvero
528 3393 620 3452 verba
634 3413 703 3472 quae
719 3391 756 3450 ad
774 3393 947 3473 proximam
965 3415 1062 3474 usque
1077 3403 1199 3452 aetatem
1217 3394 1370 3453 habentur
1382 3413 1449 3473 pas-

325 3489 382 3548 sim
398 3487 437 3546 ab
448 3489 627 3566 Anglicanis
643 3497 801 3570 tamquam
813 3488 913 3548 lorma
930 3491 1053 3570 propria
1071 3489 1276 3550 ordinationis
1290 3489 1450 3570 presbyte-

325 3585 414 3656 ralis,
431 3583 591 3657 videlicet,
609 3583 727 3666 Accipe
742 3583 900 3665 Spiritum
916 3583 1083 3662 Sanctum,
1102 3587 1228 3646 minime
1245 3607 1317 3645 sane
1332 3585 1449 3664 signifi-

325 3688 397 3740 cant
411 3680 537 3739 definite
553 3680 694 3740 ordinem
711 3680 876 3740 sacerdotii
892 3682 941 3740 vel
958 3682 1025 3762 ejus
1040 3682 1188 3761 gratiam,
1205 3691 1235 3741 et
1248 3689 1447 3762 potestatem,

325 3798 394 3856 qua·
410 3777 564 3857 praecipue
585 3785 632 3836 cst
651 3784 790 3856 potestas
810 3777 1018 3838 consecrandi
1036 3785 1066 3837 et
1086 3777 1242 3858 offerendi
1261 3799 1368 3837 cerum
1381 3797 1449 3836 cor-

320 3893 384 3953 pus
404 3879 433 3930 et
455 3871 643 3954 sanquinem
664 3871 794 3932 Domini
806 3873 827 3948 ¹,
849 3895 886 3932 eo
911 3875 1077 3947 sacrificio,
1099 3874 1183 3956 quod
1208 3895 1271 3934 non
1295 3882 1343 3934 est
1363 3871 1447 3934 nuda

324 3967 577 4027 commemoratio
599 3967 753 4050 sacrificii
777 3969 808 4028 in
838 3991 931 4030 eruce
950 3970 1075 4052 peracti
1086 3971 1107 4031 ¹.
1133 3971 1246 4031 Forma
1270 3969 1447 4052 hujusmodi

354 4190 362 4222 ¹
379 4190 452 4238 Trid.
467 4205 531 4239 sess.
549 4189 651 4251 XXlll,
668 4191 705 4238 De
720 4205 834 4239 sacram.
852 4191 927 4249 eru„
943 4207 1001 4240 can.
1019 4197 1040 4240 1.

353 4267 363 4301 ²
378 4269 450 4316 Trid.
468 4284 533 4317 sess.
552 4268 637 4328 xxti,
653 4269 691 4317 De
705 4268 799 4330 sacrif.
816 4269 916 4327 Missae,
933 4285 992 4319 cun.
1008 4276 1031 4319 3.
