<?xml version="1.0" encoding="UTF-8"?>
<!DOCTYPE html PUBLIC "-//W3C//DTD XHTML 1.0 Transitional//EN"
    "http://www.w3.org/TR/xhtml1/DTD/xhtml1-transitional.dtd">
<html xmlns="http://www.w3.org/1999/xhtml" xml:lang="en" lang="en">
 <head>
  <title>
</title>
<meta http-equiv="Content-Type" content="text/html;charset=utf-8" />
  <meta name='ocr-system' content='tesseract 3.04.00' />
  <meta name='ocr-capabilities' content='ocr_page ocr_carea ocr_par ocr_line ocrx_word'/>
</head>
<body>
  <div class='ocr_page' id='page_1' title='image "./praelectionesde00manygoog_0628.png"; bbox 0 0 3248 5052; ppageno 0'>
   <div class='ocr_carea' id='block_1_1' title="bbox 97 727 113 771">
    <p class='ocr_par' dir='ltr' id='par_1_1' title="bbox 97 727 113 771">
     <span class='ocr_line' id='line_1_1' title="bbox 97 727 113 771; baseline 0 0"><span class='ocrx_word' id='word_1_1' title='bbox 97 727 113 771; x_wconf 72' lang='grc' dir='ltr'>*ο</span> 
     </span>
    </p>
   </div>
   <div class='ocr_carea' id='block_1_2' title="bbox 623 523 1287 578">
    <p class='ocr_par' dir='ltr' id='par_1_2' title="bbox 623 523 1287 578">
     <span class='ocr_line' id='line_1_2' title="bbox 623 523 1287 578; baseline 0.005 -4"><span class='ocrx_word' id='word_1_2' title='bbox 623 523 826 574; x_wconf 78' lang='lat' dir='ltr'><strong>DOCUMENTA</strong></span> <span class='ocrx_word' id='word_1_3' title='bbox 1095 565 1098 576; x_wconf 62' lang='lat'>,</span> <span class='ocrx_word' id='word_1_4' title='bbox 1237 523 1287 578; x_wconf 80' lang='lat'>611</span> 
     </span>
    </p>
   </div>
   <div class='ocr_carea' id='block_1_3' title="bbox 162 663 1290 1515">
    <p class='ocr_par' dir='ltr' id='par_1_3' title="bbox 162 663 1290 1235">
     <span class='ocr_line' id='line_1_3' title="bbox 162 663 1290 748; baseline 0.006 -26"><span class='ocrx_word' id='word_1_5' title='bbox 162 663 200 723; x_wconf 93' lang='lat' dir='ltr'>de</span> <span class='ocrx_word' id='word_1_6' title='bbox 216 664 312 723; x_wconf 90' lang='lat' dir='ltr'>latere</span> <span class='ocrx_word' id='word_1_7' title='bbox 332 663 451 742; x_wconf 87' lang='lat' dir='ltr'>legatos</span> <span class='ocrx_word' id='word_1_8' title='bbox 471 671 502 723; x_wconf 91' lang='lat' dir='ltr'>et</span> <span class='ocrx_word' id='word_1_9' title='bbox 517 663 605 724; x_wconf 88' lang='lat' dir='ltr'>Sedis</span> <span class='ocrx_word' id='word_1_10' title='bbox 619 665 763 738; x_wconf 91' lang='lat' dir='ltr'>nuntios,</span> <span class='ocrx_word' id='word_1_11' title='bbox 780 671 811 724; x_wconf 92' lang='lat' dir='ltr'>et</span> <span class='ocrx_word' id='word_1_12' title='bbox 827 665 944 726; x_wconf 87' lang='lat' dir='ltr'>aliosve</span> <span class='ocrx_word' id='word_1_13' title='bbox 964 666 1122 746; x_wconf 91' lang='lat' dir='ltr'>quoslibet</span> <span class='ocrx_word' id='word_1_14' title='bbox 1142 689 1290 748; x_wconf 91' lang='lat' dir='ltr'>quacum-</span> 
     </span>
     <span class='ocr_line' id='line_1_4' title="bbox 162 755 1290 842; baseline 0.004 -23"><span class='ocrx_word' id='word_1_15' title='bbox 162 781 222 841; x_wconf 88' lang='lat' dir='ltr'>que</span> <span class='ocrx_word' id='word_1_16' title='bbox 242 755 474 840; x_wconf 78' lang='lat' dir='ltr'>praeeminentia</span> <span class='ocrx_word' id='word_1_17' title='bbox 497 768 528 820; x_wconf 90' lang='lat' dir='ltr'>et</span> <span class='ocrx_word' id='word_1_18' title='bbox 547 767 702 842; x_wconf 74' lang='lat' dir='ltr'>potestate</span> <span class='ocrx_word' id='word_1_19' title='bbox 722 761 903 840; x_wconf 78' lang='lat' dir='ltr'>iungenteS,</span> <span class='ocrx_word' id='word_1_20' title='bbox 925 769 956 822; x_wconf 92' lang='lat' dir='ltr'>et</span> <span class='ocrx_word' id='word_1_21' title='bbox 976 762 1153 837; x_wconf 84' lang='lat' dir='ltr'>iuncturos,</span> <span class='ocrx_word' id='word_1_22' title='bbox 1168 764 1290 824; x_wconf 90' lang='lat' dir='ltr'>sublata</span> 
     </span>
     <span class='ocr_line' id='line_1_5' title="bbox 162 856 1290 941; baseline 0.004 -25"><span class='ocrx_word' id='word_1_23' title='bbox 162 857 205 916; x_wconf 89' lang='lat' dir='ltr'>eis</span> <span class='ocrx_word' id='word_1_24' title='bbox 230 865 392 917; x_wconf 87' lang='lat' dir='ltr'>eteorum</span> <span class='ocrx_word' id='word_1_25' title='bbox 418 856 547 917; x_wconf 87' lang='lat' dir='ltr'>cuilibet</span> <span class='ocrx_word' id='word_1_26' title='bbox 571 857 681 938; x_wconf 86' lang='lat' dir='ltr'>quavis</span> <span class='ocrx_word' id='word_1_27' title='bbox 708 857 797 917; x_wconf 88' lang='lat' dir='ltr'>aliter</span> <span class='ocrx_word' id='word_1_28' title='bbox 820 857 981 938; x_wconf 88' lang='lat' dir='ltr'>judicandi</span> <span class='ocrx_word' id='word_1_29' title='bbox 1008 866 1039 918; x_wconf 94' lang='lat' dir='ltr'>et</span> <span class='ocrx_word' id='word_1_30' title='bbox 1063 859 1290 941; x_wconf 89' lang='lat' dir='ltr'>interpretandi</span> 
     </span>
     <span class='ocr_line' id='line_1_6' title="bbox 162 952 1290 1034; baseline 0.004 -22"><span class='ocrx_word' id='word_1_31' title='bbox 162 952 310 1012; x_wconf 80' lang='lat' dir='ltr'>facultate</span> <span class='ocrx_word' id='word_1_32' title='bbox 337 959 369 1012; x_wconf 87' lang='lat' dir='ltr'>et</span> <span class='ocrx_word' id='word_1_33' title='bbox 389 954 590 1026; x_wconf 90' lang='lat' dir='ltr'>auctoritate,</span> <span class='ocrx_word' id='word_1_34' title='bbox 609 953 724 1034; x_wconf 90' lang='lat' dir='ltr'>ubique</span> <span class='ocrx_word' id='word_1_35' title='bbox 741 953 875 1034; x_wconf 91' lang='lat' dir='ltr'>judicari</span> <span class='ocrx_word' id='word_1_36' title='bbox 900 961 932 1012; x_wconf 91' lang='lat' dir='ltr'>et</span> <span class='ocrx_word' id='word_1_37' title='bbox 955 953 1077 1013; x_wconf 86' lang='lat' dir='ltr'>definiri</span> <span class='ocrx_word' id='word_1_38' title='bbox 1099 954 1231 1030; x_wconf 86' lang='lat' dir='ltr'>debere;</span> <span class='ocrx_word' id='word_1_39' title='bbox 1254 977 1290 1017; x_wconf 89' lang='lat' dir='ltr'>ac</span> 
     </span>
     <span class='ocr_line' id='line_1_7' title="bbox 162 1048 1289 1131; baseline 0.004 -24"><span class='ocrx_word' id='word_1_40' title='bbox 162 1048 285 1108; x_wconf 90' lang='lat' dir='ltr'>irritum</span> <span class='ocrx_word' id='word_1_41' title='bbox 306 1057 338 1108; x_wconf 92' lang='lat' dir='ltr'>et</span> <span class='ocrx_word' id='word_1_42' title='bbox 356 1049 463 1122; x_wconf 89' lang='lat' dir='ltr'>inane,</span> <span class='ocrx_word' id='word_1_43' title='bbox 481 1050 505 1108; x_wconf 92' lang='lat' dir='ltr'>si</span> <span class='ocrx_word' id='word_1_44' title='bbox 526 1070 616 1109; x_wconf 93' lang='lat' dir='ltr'>secus</span> <span class='ocrx_word' id='word_1_45' title='bbox 636 1049 796 1130; x_wconf 91' lang='lat' dir='ltr'>superbis</span> <span class='ocrx_word' id='word_1_46' title='bbox 816 1071 833 1108; x_wconf 92' lang='lat' dir='ltr'>a</span> <span class='ocrx_word' id='word_1_47' title='bbox 852 1070 1010 1131; x_wconf 92' lang='lat' dir='ltr'>quoquam</span> <span class='ocrx_word' id='word_1_48' title='bbox 1026 1052 1136 1131; x_wconf 90' lang='lat' dir='ltr'>quavis</span> <span class='ocrx_word' id='word_1_49' title='bbox 1156 1053 1289 1113; x_wconf 92' lang='lat' dir='ltr'>auctori-</span> 
     </span>
     <span class='ocr_line' id='line_1_8' title="bbox 163 1145 1176 1235; baseline 0 -30"><span class='ocrx_word' id='word_1_50' title='bbox 163 1151 227 1205; x_wconf 89' lang='lat' dir='ltr'>tate</span> <span class='ocrx_word' id='word_1_51' title='bbox 241 1145 376 1204; x_wconf 77' lang='lat' dir='ltr'>scienter</span> <span class='ocrx_word' id='word_1_52' title='bbox 390 1145 438 1204; x_wconf 91' lang='lat' dir='ltr'>vel</span> <span class='ocrx_word' id='word_1_53' title='bbox 454 1147 634 1224; x_wconf 83' lang='lat' dir='ltr'>ignoranter</span> <span class='ocrx_word' id='word_1_54' title='bbox 648 1145 815 1224; x_wconf 89' lang='lat' dir='ltr'>contigerit</span> <span class='ocrx_word' id='word_1_55' title='bbox 829 1147 986 1206; x_wconf 90' lang='lat' dir='ltr'>attentari.</span> <span class='ocrx_word' id='word_1_56' title='bbox 1170 1221 1176 1235; x_wconf 40' lang='lat'><strong>.</strong></span> 
     </span>
    </p>

    <p class='ocr_par' dir='ltr' id='par_1_4' title="bbox 162 1241 1289 1515">
     <span class='ocr_line' id='line_1_9' title="bbox 202 1241 1289 1323; baseline 0.005 -23"><span class='ocrx_word' id='word_1_57' title='bbox 202 1244 217 1318; x_wconf 64' lang='grc' dir='ltr'>ξ</span> <span class='ocrx_word' id='word_1_58' title='bbox 235 1245 281 1302; x_wconf 85' lang='grc'>10.</span> <span class='ocrx_word' id='word_1_59' title='bbox 301 1241 372 1300; x_wconf 91' lang='lat' dir='ltr'>Non</span> <span class='ocrx_word' id='word_1_60' title='bbox 388 1241 586 1302; x_wconf 83' lang='lat' dir='ltr'>obstantibus</span> <span class='ocrx_word' id='word_1_61' title='bbox 605 1242 787 1323; x_wconf 81' lang='lat' dir='ltr'>praemissis,</span> <span class='ocrx_word' id='word_1_62' title='bbox 804 1263 841 1302; x_wconf 89' lang='lat' dir='ltr'>ac</span> <span class='ocrx_word' id='word_1_63' title='bbox 860 1242 1138 1303; x_wconf 84' lang='lat' dir='ltr'>constitutionibus</span> <span class='ocrx_word' id='word_1_64' title='bbox 1158 1251 1189 1304; x_wconf 90' lang='lat' dir='ltr'>et</span> <span class='ocrx_word' id='word_1_65' title='bbox 1207 1246 1289 1304; x_wconf 92' lang='lat' dir='ltr'>ordi-</span> 
     </span>
     <span class='ocr_line' id='line_1_10' title="bbox 162 1337 1289 1419; baseline 0.004 -23"><span class='ocrx_word' id='word_1_66' title='bbox 162 1337 341 1398; x_wconf 85' lang='lat' dir='ltr'>nationibus</span> <span class='ocrx_word' id='word_1_67' title='bbox 360 1337 555 1418; x_wconf 90' lang='lat' dir='ltr'>apostolicis,</span> <span class='ocrx_word' id='word_1_68' title='bbox 573 1359 695 1398; x_wconf 86' lang='lat' dir='ltr'>necnon</span> <span class='ocrx_word' id='word_1_69' title='bbox 715 1338 878 1419; x_wconf 86' lang='lat' dir='ltr'>quibusvis</span> <span class='ocrx_word' id='word_1_70' title='bbox 898 1338 991 1398; x_wconf 85' lang='lat' dir='ltr'>etiarn</span> <span class='ocrx_word' id='word_1_71' title='bbox 1007 1339 1199 1418; x_wconf 88' lang='lat' dir='ltr'>juramento,</span> <span class='ocrx_word' id='word_1_72' title='bbox 1216 1362 1289 1401; x_wconf 93' lang='lat' dir='ltr'>con-</span> 
     </span>
     <span class='ocr_line' id='line_1_11' title="bbox 162 1433 1289 1515; baseline 0.005 -24"><span class='ocrx_word' id='word_1_73' title='bbox 162 1433 338 1493; x_wconf 88' lang='lat' dir='ltr'>firmatione</span> <span class='ocrx_word' id='word_1_74' title='bbox 352 1435 538 1514; x_wconf 90' lang='lat' dir='ltr'>apostolica,</span> <span class='ocrx_word' id='word_1_75' title='bbox 556 1435 605 1494; x_wconf 90' lang='lat' dir='ltr'>vel</span> <span class='ocrx_word' id='word_1_76' title='bbox 621 1435 731 1515; x_wconf 88' lang='lat' dir='ltr'>quavis</span> <span class='ocrx_word' id='word_1_77' title='bbox 750 1435 898 1494; x_wconf 87' lang='lat' dir='ltr'>firmitate</span> <span class='ocrx_word' id='word_1_78' title='bbox 914 1435 974 1494; x_wconf 88' lang='lat' dir='ltr'>alia</span> <span class='ocrx_word' id='word_1_79' title='bbox 994 1435 1148 1495; x_wconf 90' lang='lat' dir='ltr'>roboratis</span> <span class='ocrx_word' id='word_1_80' title='bbox 1163 1437 1289 1497; x_wconf 90' lang='lat' dir='ltr'>statutis</span> 
     </span>
    </p>
   </div>
   <div class='ocr_carea' id='block_1_4' title="bbox 97 1530 1289 1615">
    <p class='ocr_par' dir='ltr' id='par_1_5' title="bbox 97 1530 1289 1615">
     <span class='ocr_line' id='line_1_12' title="bbox 97 1530 1289 1615; baseline 0.005 -27"><span class='ocrx_word' id='word_1_81' title='bbox 97 1533 101 1541; x_wconf 84' lang='lat'>&#39;</span> <span class='ocrx_word' id='word_1_82' title='bbox 163 1537 194 1589; x_wconf 91' lang='lat' dir='ltr'>et</span> <span class='ocrx_word' id='word_1_83' title='bbox 207 1531 503 1604; x_wconf 69' lang='lat' dir='ltr'>consuetudinibus,</span> <span class='ocrx_word' id='word_1_84' title='bbox 519 1530 689 1611; x_wconf 86' lang='lat' dir='ltr'>privilegiis</span> <span class='ocrx_word' id='word_1_85' title='bbox 702 1551 839 1611; x_wconf 90' lang='lat' dir='ltr'>quoque,</span> <span class='ocrx_word' id='word_1_86' title='bbox 854 1531 984 1590; x_wconf 92' lang='lat' dir='ltr'>indultis</span> <span class='ocrx_word' id='word_1_87' title='bbox 998 1538 1029 1590; x_wconf 91' lang='lat' dir='ltr'>et</span> <span class='ocrx_word' id='word_1_88' title='bbox 1041 1531 1154 1592; x_wconf 90' lang='lat' dir='ltr'>litteris</span> <span class='ocrx_word' id='word_1_89' title='bbox 1166 1542 1289 1615; x_wconf 89' lang='lat' dir='ltr'>aposto-</span> 
     </span>
    </p>
   </div>
   <div class='ocr_carea' id='block_1_5' title="bbox 163 1625 1289 1708">
    <p class='ocr_par' dir='ltr' id='par_1_6' title="bbox 163 1625 1289 1708">
     <span class='ocr_line' id='line_1_13' title="bbox 163 1625 1289 1708; baseline 0.002 -22"><span class='ocrx_word' id='word_1_90' title='bbox 163 1626 246 1698; x_wconf 84' lang='lat' dir='ltr'>licis,</span> <span class='ocrx_word' id='word_1_91' title='bbox 264 1625 321 1684; x_wconf 90' lang='lat' dir='ltr'>sub</span> <span class='ocrx_word' id='word_1_92' title='bbox 341 1627 589 1708; x_wconf 90' lang='lat' dir='ltr'>quibuscumque</span> <span class='ocrx_word' id='word_1_93' title='bbox 610 1627 777 1686; x_wconf 92' lang='lat' dir='ltr'>verborum</span> <span class='ocrx_word' id='word_1_94' title='bbox 798 1627 959 1686; x_wconf 87' lang='lat' dir='ltr'>tenoribus</span> <span class='ocrx_word' id='word_1_95' title='bbox 979 1635 1011 1687; x_wconf 91' lang='lat' dir='ltr'>et</span> <span class='ocrx_word' id='word_1_96' title='bbox 1031 1627 1150 1703; x_wconf 82' lang='lat' dir='ltr'>formis,</span> <span class='ocrx_word' id='word_1_97' title='bbox 1168 1651 1204 1690; x_wconf 92' lang='lat' dir='ltr'>ac</span> <span class='ocrx_word' id='word_1_98' title='bbox 1218 1651 1289 1690; x_wconf 89' lang='lat' dir='ltr'>cum</span> 
     </span>
    </p>
   </div>
   <div class='ocr_carea' id='block_1_6' title="bbox 163 1722 1303 2290">
    <p class='ocr_par' dir='ltr' id='par_1_7' title="bbox 163 1722 1303 2290">
     <span class='ocr_line' id='line_1_14' title="bbox 163 1722 1290 1805; baseline 0.005 -25"><span class='ocrx_word' id='word_1_99' title='bbox 163 1722 341 1803; x_wconf 79' lang='lat' dir='ltr'>quibusvis,</span> <span class='ocrx_word' id='word_1_100' title='bbox 358 1723 452 1782; x_wconf 91' lang='lat' dir='ltr'>etiarn</span> <span class='ocrx_word' id='word_1_101' title='bbox 468 1723 735 1803; x_wconf 87' lang='lat' dir='ltr'>derogatoriarum</span> <span class='ocrx_word' id='word_1_102' title='bbox 750 1723 971 1802; x_wconf 87' lang='lat' dir='ltr'>derogatoriis,</span> <span class='ocrx_word' id='word_1_103' title='bbox 988 1723 1120 1805; x_wconf 90' lang='lat' dir='ltr'>aliisque</span> <span class='ocrx_word' id='word_1_104' title='bbox 1135 1725 1290 1786; x_wconf 89' lang='lat' dir='ltr'>elticacio-</span> 
     </span>
     <span class='ocr_line' id='line_1_15' title="bbox 163 1817 1289 1900; baseline 0.004 -23"><span class='ocrx_word' id='word_1_105' title='bbox 163 1817 248 1877; x_wconf 87' lang='lat' dir='ltr'>ribus</span> <span class='ocrx_word' id='word_1_106' title='bbox 264 1826 295 1877; x_wconf 91' lang='lat' dir='ltr'>et</span> <span class='ocrx_word' id='word_1_107' title='bbox 309 1818 442 1880; x_wconf 89' lang='lat' dir='ltr'>insolitis</span> <span class='ocrx_word' id='word_1_108' title='bbox 458 1819 616 1892; x_wconf 75' lang='lat' dir='ltr'>clausulis,</span> <span class='ocrx_word' id='word_1_109' title='bbox 629 1818 897 1900; x_wconf 88' lang='lat' dir='ltr'>irritantibusque,</span> <span class='ocrx_word' id='word_1_110' title='bbox 910 1827 941 1879; x_wconf 92' lang='lat' dir='ltr'>et</span> <span class='ocrx_word' id='word_1_111' title='bbox 955 1819 1023 1880; x_wconf 90' lang='lat' dir='ltr'>aliis</span> <span class='ocrx_word' id='word_1_112' title='bbox 1038 1820 1183 1896; x_wconf 83' lang='lat' dir='ltr'>decretis,</span> <span class='ocrx_word' id='word_1_113' title='bbox 1196 1823 1289 1882; x_wconf 87' lang='lat' dir='ltr'>etiam</span> 
     </span>
     <span class='ocr_line' id='line_1_16' title="bbox 164 1915 1290 1997; baseline 0.002 -23"><span class='ocrx_word' id='word_1_114' title='bbox 164 1922 267 1990; x_wconf 91' lang='lat' dir='ltr'>motu,</span> <span class='ocrx_word' id='word_1_115' title='bbox 289 1915 418 1975; x_wconf 89' lang='lat' dir='ltr'>scientia</span> <span class='ocrx_word' id='word_1_116' title='bbox 441 1923 472 1974; x_wconf 91' lang='lat' dir='ltr'>et</span> <span class='ocrx_word' id='word_1_117' title='bbox 493 1917 657 1996; x_wconf 89' lang='lat' dir='ltr'>potestatis</span> <span class='ocrx_word' id='word_1_118' title='bbox 679 1916 874 1996; x_wconf 89' lang='lat' dir='ltr'>plenitudine</span> <span class='ocrx_word' id='word_1_119' title='bbox 889 1916 1031 1997; x_wconf 78' lang='lat' dir='ltr'>paribuS,</span> <span class='ocrx_word' id='word_1_120' title='bbox 1049 1917 1080 1976; x_wconf 94' lang='lat' dir='ltr'>in</span> <span class='ocrx_word' id='word_1_121' title='bbox 1096 1939 1224 1997; x_wconf 82' lang='lat' dir='ltr'>genere,</span> <span class='ocrx_word' id='word_1_122' title='bbox 1241 1917 1290 1978; x_wconf 91' lang='lat' dir='ltr'>vel</span> 
     </span>
     <span class='ocr_line' id='line_1_17' title="bbox 164 2011 1289 2094; baseline 0.004 -24"><span class='ocrx_word' id='word_1_123' title='bbox 164 2011 194 2070; x_wconf 93' lang='lat' dir='ltr'>in</span> <span class='ocrx_word' id='word_1_124' title='bbox 217 2011 334 2091; x_wconf 89' lang='lat' dir='ltr'>specie,</span> <span class='ocrx_word' id='word_1_125' title='bbox 359 2033 412 2070; x_wconf 90' lang='lat' dir='ltr'>seu</span> <span class='ocrx_word' id='word_1_126' title='bbox 434 2012 509 2071; x_wconf 89' lang='lat' dir='ltr'>alias</span> <span class='ocrx_word' id='word_1_127' title='bbox 531 2011 770 2092; x_wconf 84' lang='lat' dir='ltr'>quomodolibet</span> <span class='ocrx_word' id='word_1_128' title='bbox 790 2011 822 2070; x_wconf 94' lang='lat' dir='ltr'>in</span> <span class='ocrx_word' id='word_1_129' title='bbox 844 2013 1036 2072; x_wconf 89' lang='lat' dir='ltr'>contrarium</span> <span class='ocrx_word' id='word_1_130' title='bbox 1059 2015 1289 2094; x_wconf 82' lang='lat' dir='ltr'>praemissorum</span> 
     </span>
     <span class='ocr_line' id='line_1_18' title="bbox 164 2106 1289 2191; baseline 0.004 -24"><span class='ocrx_word' id='word_1_131' title='bbox 164 2107 335 2179; x_wconf 92' lang='lat' dir='ltr'>concessis,</span> <span class='ocrx_word' id='word_1_132' title='bbox 352 2107 542 2167; x_wconf 89' lang='lat' dir='ltr'>contirmatis</span> <span class='ocrx_word' id='word_1_133' title='bbox 562 2115 594 2167; x_wconf 91' lang='lat' dir='ltr'>et</span> <span class='ocrx_word' id='word_1_134' title='bbox 613 2107 780 2167; x_wconf 90' lang='lat' dir='ltr'>innovatis.</span> <span class='ocrx_word' id='word_1_135' title='bbox 798 2106 917 2175; x_wconf 89' lang='lat' dir='ltr'>Quibus</span> <span class='ocrx_word' id='word_1_136' title='bbox 937 2109 1082 2168; x_wconf 91' lang='lat' dir='ltr'>omnibus</span> <span class='ocrx_word' id='word_1_137' title='bbox 1098 2117 1128 2170; x_wconf 87' lang='lat' dir='ltr'>et</span> <span class='ocrx_word' id='word_1_138' title='bbox 1143 2111 1289 2191; x_wconf 89' lang='lat' dir='ltr'>singulis,</span> 
     </span>
     <span class='ocr_line' id='line_1_19' title="bbox 164 2202 1303 2290; baseline 0.005 -28"><span class='ocrx_word' id='word_1_139' title='bbox 164 2202 285 2262; x_wconf 89' lang='lat' dir='ltr'>etiamsi</span> <span class='ocrx_word' id='word_1_140' title='bbox 310 2223 366 2283; x_wconf 93' lang='lat' dir='ltr'>pro</span> <span class='ocrx_word' id='word_1_141' title='bbox 393 2202 519 2262; x_wconf 92' lang='lat' dir='ltr'>illorum</span> <span class='ocrx_word' id='word_1_142' title='bbox 546 2203 712 2262; x_wconf 84' lang='lat' dir='ltr'>sufficienti</span> <span class='ocrx_word' id='word_1_143' title='bbox 739 2203 940 2282; x_wconf 86' lang='lat' dir='ltr'>derogatione</span> <span class='ocrx_word' id='word_1_144' title='bbox 966 2204 1005 2263; x_wconf 90' lang='lat' dir='ltr'>de</span> <span class='ocrx_word' id='word_1_145' title='bbox 1031 2203 1093 2264; x_wconf 87' lang='lat' dir='ltr'>illis</span> <span class='ocrx_word' id='word_1_146' title='bbox 1120 2225 1303 2290; x_wconf 51' lang='lat' dir='ltr'>eorumque¹</span> 
     </span>
    </p>
   </div>
   <div class='ocr_carea' id='block_1_7' title="bbox 163 2299 1292 4380">
    <p class='ocr_par' dir='ltr' id='par_1_8' title="bbox 163 2299 1292 3246">
     <span class='ocr_line' id='line_1_20' title="bbox 164 2299 1291 2380; baseline 0.004 -21"><span class='ocrx_word' id='word_1_147' title='bbox 164 2299 240 2359; x_wconf 88' lang='lat' dir='ltr'>totis</span> <span class='ocrx_word' id='word_1_148' title='bbox 259 2299 435 2374; x_wconf 79' lang='lat' dir='ltr'>tenoribuS,</span> <span class='ocrx_word' id='word_1_149' title='bbox 452 2299 611 2380; x_wconf 88' lang='lat' dir='ltr'>specialis,</span> <span class='ocrx_word' id='word_1_150' title='bbox 629 2300 788 2380; x_wconf 90' lang='lat' dir='ltr'>specifica,</span> <span class='ocrx_word' id='word_1_151' title='bbox 805 2321 949 2380; x_wconf 90' lang='lat' dir='ltr'>expressa</span> <span class='ocrx_word' id='word_1_152' title='bbox 966 2307 997 2360; x_wconf 90' lang='lat' dir='ltr'>et</span> <span class='ocrx_word' id='word_1_153' title='bbox 1015 2301 1178 2362; x_wconf 90' lang='lat' dir='ltr'>individua</span> <span class='ocrx_word' id='word_1_154' title='bbox 1196 2323 1233 2363; x_wconf 90' lang='lat' dir='ltr'>ac</span> <span class='ocrx_word' id='word_1_155' title='bbox 1252 2305 1291 2364; x_wconf 90' lang='lat' dir='ltr'>de</span> 
     </span>
     <span class='ocr_line' id='line_1_21' title="bbox 163 2394 1289 2476; baseline 0.006 -24"><span class='ocrx_word' id='word_1_156' title='bbox 163 2394 261 2454; x_wconf 89' lang='lat' dir='ltr'>verbo</span> <span class='ocrx_word' id='word_1_157' title='bbox 290 2395 328 2454; x_wconf 90' lang='lat' dir='ltr'>ad</span> <span class='ocrx_word' id='word_1_158' title='bbox 358 2395 507 2467; x_wconf 86' lang='lat' dir='ltr'>verbum,</span> <span class='ocrx_word' id='word_1_159' title='bbox 535 2417 598 2455; x_wconf 93' lang='lat' dir='ltr'>non</span> <span class='ocrx_word' id='word_1_160' title='bbox 625 2403 728 2456; x_wconf 90' lang='lat' dir='ltr'>autem</span> <span class='ocrx_word' id='word_1_161' title='bbox 757 2417 812 2476; x_wconf 92' lang='lat' dir='ltr'>per</span> <span class='ocrx_word' id='word_1_162' title='bbox 839 2395 994 2456; x_wconf 86' lang='lat' dir='ltr'>clausulas</span> <span class='ocrx_word' id='word_1_163' title='bbox 1019 2399 1179 2476; x_wconf 85' lang='lat' dir='ltr'>generales</span> <span class='ocrx_word' id='word_1_164' title='bbox 1208 2400 1289 2459; x_wconf 92' lang='lat' dir='ltr'>idem</span> 
     </span>
     <span class='ocr_line' id='line_1_22' title="bbox 163 2491 1291 2572; baseline 0.004 -22"><span class='ocrx_word' id='word_1_165' title='bbox 163 2491 385 2572; x_wconf 88' lang='lat' dir='ltr'>importantes,</span> <span class='ocrx_word' id='word_1_166' title='bbox 403 2492 520 2551; x_wconf 92' lang='lat' dir='ltr'>mentio</span> <span class='ocrx_word' id='word_1_167' title='bbox 536 2513 589 2551; x_wconf 89' lang='lat' dir='ltr'>seu</span> <span class='ocrx_word' id='word_1_168' title='bbox 605 2492 724 2572; x_wconf 85' lang='lat' dir='ltr'>quaevis</span> <span class='ocrx_word' id='word_1_169' title='bbox 744 2492 802 2552; x_wconf 92' lang='lat' dir='ltr'>alia</span> <span class='ocrx_word' id='word_1_170' title='bbox 818 2493 977 2572; x_wconf 85' lang='lat' dir='ltr'>expressio</span> <span class='ocrx_word' id='word_1_171' title='bbox 993 2493 1151 2568; x_wconf 89' lang='lat' dir='ltr'>habenda,</span> <span class='ocrx_word' id='word_1_172' title='bbox 1169 2504 1223 2555; x_wconf 90' lang='lat' dir='ltr'>aut</span> <span class='ocrx_word' id='word_1_173' title='bbox 1237 2497 1291 2556; x_wconf 94' lang='lat' dir='ltr'>ali-</span> 
     </span>
     <span class='ocr_line' id='line_1_23' title="bbox 164 2587 1290 2668; baseline 0.005 -23"><span class='ocrx_word' id='word_1_174' title='bbox 164 2607 224 2668; x_wconf 92' lang='lat' dir='ltr'>qua</span> <span class='ocrx_word' id='word_1_175' title='bbox 240 2587 299 2646; x_wconf 89' lang='lat' dir='ltr'>alia</span> <span class='ocrx_word' id='word_1_176' title='bbox 315 2587 468 2668; x_wconf 87' lang='lat' dir='ltr'>exquisita</span> <span class='ocrx_word' id='word_1_177' title='bbox 485 2588 583 2647; x_wconf 88' lang='lat' dir='ltr'>lorma</span> <span class='ocrx_word' id='word_1_178' title='bbox 598 2587 637 2647; x_wconf 93' lang='lat' dir='ltr'>ad</span> <span class='ocrx_word' id='word_1_179' title='bbox 654 2588 713 2648; x_wconf 93' lang='lat' dir='ltr'>hoc</span> <span class='ocrx_word' id='word_1_180' title='bbox 728 2588 880 2648; x_wconf 90' lang='lat' dir='ltr'>servanda</span> <span class='ocrx_word' id='word_1_181' title='bbox 897 2589 993 2662; x_wconf 89' lang='lat' dir='ltr'>loret,</span> <span class='ocrx_word' id='word_1_182' title='bbox 1010 2589 1134 2650; x_wconf 93' lang='lat' dir='ltr'>illorum</span> <span class='ocrx_word' id='word_1_183' title='bbox 1151 2591 1290 2651; x_wconf 94' lang='lat' dir='ltr'>omnium</span> 
     </span>
     <span class='ocr_line' id='line_1_24' title="bbox 164 2682 1292 2766; baseline 0.004 -24"><span class='ocrx_word' id='word_1_184' title='bbox 164 2691 195 2742; x_wconf 91' lang='lat' dir='ltr'>et</span> <span class='ocrx_word' id='word_1_185' title='bbox 210 2683 405 2762; x_wconf 89' lang='lat' dir='ltr'>singulorum</span> <span class='ocrx_word' id='word_1_186' title='bbox 422 2691 561 2760; x_wconf 87' lang='lat' dir='ltr'>tenores,</span> <span class='ocrx_word' id='word_1_187' title='bbox 576 2705 612 2743; x_wconf 88' lang='lat' dir='ltr'>ac</span> <span class='ocrx_word' id='word_1_188' title='bbox 627 2683 652 2742; x_wconf 89' lang='lat' dir='ltr'>si</span> <span class='ocrx_word' id='word_1_189' title='bbox 668 2683 706 2743; x_wconf 88' lang='lat' dir='ltr'>de</span> <span class='ocrx_word' id='word_1_190' title='bbox 722 2682 818 2743; x_wconf 90' lang='lat' dir='ltr'>verbo</span> <span class='ocrx_word' id='word_1_191' title='bbox 838 2683 877 2744; x_wconf 91' lang='lat' dir='ltr'>ad</span> <span class='ocrx_word' id='word_1_192' title='bbox 892 2684 1024 2744; x_wconf 91' lang='lat' dir='ltr'>verbum</span> <span class='ocrx_word' id='word_1_193' title='bbox 1043 2687 1292 2766; x_wconf 88' lang='lat' dir='ltr'>exprimerentur</span> 
     </span>
     <span class='ocr_line' id='line_1_25' title="bbox 164 2761 1292 2860; baseline 0.004 -21"><span class='ocrx_word' id='word_1_194' title='bbox 164 2787 196 2839; x_wconf 89' lang='lat' dir='ltr'>et</span> <span class='ocrx_word' id='word_1_195' title='bbox 217 2779 440 2848; x_wconf 90' lang='lat' dir='ltr'>insererentur,</span> <span class='ocrx_word' id='word_1_196' title='bbox 465 2779 542 2838; x_wconf 91' lang='lat' dir='ltr'>nihil</span> <span class='ocrx_word' id='word_1_197' title='bbox 565 2761 689 2860; x_wconf 82' lang='lat' dir='ltr'>penitds</span> <span class='ocrx_word' id='word_1_198' title='bbox 711 2780 842 2853; x_wconf 88' lang='lat' dir='ltr'>omisso,</span> <span class='ocrx_word' id='word_1_199' title='bbox 866 2788 898 2840; x_wconf 89' lang='lat' dir='ltr'>et</span> <span class='ocrx_word' id='word_1_200' title='bbox 920 2781 1019 2841; x_wconf 83' lang='lat' dir='ltr'>torma</span> <span class='ocrx_word' id='word_1_201' title='bbox 1041 2781 1073 2842; x_wconf 91' lang='lat' dir='ltr'>in</span> <span class='ocrx_word' id='word_1_202' title='bbox 1095 2781 1156 2841; x_wconf 92' lang='lat' dir='ltr'>illis</span> <span class='ocrx_word' id='word_1_203' title='bbox 1178 2783 1292 2844; x_wconf 90' lang='lat' dir='ltr'>tradita</span> 
     </span>
     <span class='ocr_line' id='line_1_26' title="bbox 165 2874 1289 2956; baseline 0.004 -22"><span class='ocrx_word' id='word_1_204' title='bbox 165 2874 339 2949; x_wconf 90' lang='lat' dir='ltr'>observata,</span> <span class='ocrx_word' id='word_1_205' title='bbox 352 2875 468 2935; x_wconf 88' lang='lat' dir='ltr'>eisdem</span> <span class='ocrx_word' id='word_1_206' title='bbox 485 2875 690 2956; x_wconf 65' lang='lat' dir='ltr'>praesentibus</span> <span class='ocrx_word' id='word_1_207' title='bbox 702 2897 758 2956; x_wconf 93' lang='lat' dir='ltr'>pro</span> <span class='ocrx_word' id='word_1_208' title='bbox 773 2877 928 2956; x_wconf 84' lang='lat' dir='ltr'>expressis</span> <span class='ocrx_word' id='word_1_209' title='bbox 943 2884 974 2936; x_wconf 88' lang='lat' dir='ltr'>et</span> <span class='ocrx_word' id='word_1_210' title='bbox 988 2877 1112 2938; x_wconf 92' lang='lat' dir='ltr'>insertis</span> <span class='ocrx_word' id='word_1_211' title='bbox 1127 2876 1289 2950; x_wconf 90' lang='lat' dir='ltr'>habentes,</span> 
     </span>
     <span class='ocr_line' id='line_1_27' title="bbox 163 2971 1290 3054; baseline 0.004 -24"><span class='ocrx_word' id='word_1_212' title='bbox 163 2971 225 3031; x_wconf 93' lang='lat' dir='ltr'>illis</span> <span class='ocrx_word' id='word_1_213' title='bbox 239 2971 314 3032; x_wconf 89' lang='lat' dir='ltr'>alias</span> <span class='ocrx_word' id='word_1_214' title='bbox 334 2972 366 3030; x_wconf 91' lang='lat' dir='ltr'>in</span> <span class='ocrx_word' id='word_1_215' title='bbox 386 2993 443 3032; x_wconf 91' lang='lat' dir='ltr'>suo</span> <span class='ocrx_word' id='word_1_216' title='bbox 463 2972 577 3031; x_wconf 92' lang='lat' dir='ltr'>robore</span> <span class='ocrx_word' id='word_1_217' title='bbox 596 2973 824 3053; x_wconf 87' lang='lat' dir='ltr'>permansuris,</span> <span class='ocrx_word' id='word_1_218' title='bbox 840 2972 879 3032; x_wconf 93' lang='lat' dir='ltr'>ad</span> <span class='ocrx_word' id='word_1_219' title='bbox 895 2974 1126 3054; x_wconf 76' lang='lat' dir='ltr'>praemissorum</span> <span class='ocrx_word' id='word_1_220' title='bbox 1146 2975 1290 3035; x_wconf 88' lang='lat' dir='ltr'>ellectum</span> 
     </span>
     <span class='ocr_line' id='line_1_28' title="bbox 164 3067 1291 3153; baseline 0.004 -26"><span class='ocrx_word' id='word_1_221' title='bbox 164 3068 222 3128; x_wconf 90' lang='lat' dir='ltr'>hac</span> <span class='ocrx_word' id='word_1_222' title='bbox 240 3069 308 3128; x_wconf 88' lang='lat' dir='ltr'>vice</span> <span class='ocrx_word' id='word_1_223' title='bbox 323 3068 477 3128; x_wconf 82' lang='lat' dir='ltr'>duntaxat</span> <span class='ocrx_word' id='word_1_224' title='bbox 496 3067 672 3148; x_wconf 90' lang='lat' dir='ltr'>specialiter</span> <span class='ocrx_word' id='word_1_225' title='bbox 687 3075 719 3128; x_wconf 87' lang='lat' dir='ltr'>et</span> <span class='ocrx_word' id='word_1_226' title='bbox 737 3089 883 3149; x_wconf 90' lang='lat' dir='ltr'>expresse</span> <span class='ocrx_word' id='word_1_227' title='bbox 897 3069 1100 3149; x_wconf 87' lang='lat' dir='ltr'>derogamus,</span> <span class='ocrx_word' id='word_1_228' title='bbox 1117 3071 1291 3153; x_wconf 90' lang='lat' dir='ltr'>ceterisque</span> 
     </span>
     <span class='ocr_line' id='line_1_29' title="bbox 163 3165 607 3246; baseline 0 -22"><span class='ocrx_word' id='word_1_229' title='bbox 163 3165 327 3224; x_wconf 89' lang='lat' dir='ltr'>contrariis</span> <span class='ocrx_word' id='word_1_230' title='bbox 347 3165 607 3246; x_wconf 78' lang='lat' dir='ltr'>quibuscumque:</span> 
     </span>
    </p>

    <p class='ocr_par' dir='ltr' id='par_1_9' title="bbox 163 3261 1291 4380">
     <span class='ocr_line' id='line_1_30' title="bbox 203 3261 1290 3343; baseline 0.006 -24"><span class='ocrx_word' id='word_1_231' title='bbox 203 3263 218 3338; x_wconf 60' lang='grc' dir='ltr'>ᾗ</span> <span class='ocrx_word' id='word_1_232' title='bbox 239 3265 285 3321; x_wconf 91' lang='lat'>11.</span> <span class='ocrx_word' id='word_1_233' title='bbox 301 3261 455 3320; x_wconf 90' lang='lat' dir='ltr'>Volumus</span> <span class='ocrx_word' id='word_1_234' title='bbox 474 3267 577 3321; x_wconf 88' lang='lat' dir='ltr'>autern</span> <span class='ocrx_word' id='word_1_235' title='bbox 598 3268 634 3322; x_wconf 89' lang='lat' dir='ltr'>ut</span> <span class='ocrx_word' id='word_1_236' title='bbox 652 3269 821 3343; x_wconf 82' lang='lat' dir='ltr'>praesentes</span> <span class='ocrx_word' id='word_1_237' title='bbox 843 3261 956 3322; x_wconf 89' lang='lat' dir='ltr'>litterae</span> <span class='ocrx_word' id='word_1_238' title='bbox 980 3263 1012 3322; x_wconf 94' lang='lat' dir='ltr'>in</span> <span class='ocrx_word' id='word_1_239' title='bbox 1032 3263 1130 3324; x_wconf 89' lang='lat' dir='ltr'>valvis</span> <span class='ocrx_word' id='word_1_240' title='bbox 1152 3263 1290 3325; x_wconf 62' lang='lat' dir='ltr'>ecclesiae</span> 
     </span>
     <span class='ocr_line' id='line_1_31' title="bbox 164 3357 1291 3438; baseline 0.004 -22"><span class='ocrx_word' id='word_1_241' title='bbox 164 3357 395 3430; x_wconf 88' lang='lat' dir='ltr'>Lateranensis,</span> <span class='ocrx_word' id='word_1_242' title='bbox 412 3365 445 3417; x_wconf 92' lang='lat' dir='ltr'>et</span> <span class='ocrx_word' id='word_1_243' title='bbox 464 3357 599 3417; x_wconf 79' lang='lat' dir='ltr'>basilicae</span> <span class='ocrx_word' id='word_1_244' title='bbox 619 3358 769 3438; x_wconf 86' lang='lat' dir='ltr'>principis</span> <span class='ocrx_word' id='word_1_245' title='bbox 784 3358 1014 3438; x_wconf 90' lang='lat' dir='ltr'>apostolorum,</span> <span class='ocrx_word' id='word_1_246' title='bbox 1030 3380 1153 3420; x_wconf 91' lang='lat' dir='ltr'>necnon</span> <span class='ocrx_word' id='word_1_247' title='bbox 1168 3361 1291 3421; x_wconf 91' lang='lat' dir='ltr'>cancel-</span> 
     </span>
     <span class='ocr_line' id='line_1_32' title="bbox 164 3453 1289 3535; baseline 0.004 -23"><span class='ocrx_word' id='word_1_248' title='bbox 164 3453 248 3512; x_wconf 86' lang='lat' dir='ltr'>lariae</span> <span class='ocrx_word' id='word_1_249' title='bbox 268 3453 464 3534; x_wconf 80' lang='lat' dir='ltr'>apostolicae,</span> <span class='ocrx_word' id='word_1_250' title='bbox 480 3475 517 3514; x_wconf 91' lang='lat' dir='ltr'>ac</span> <span class='ocrx_word' id='word_1_251' title='bbox 535 3454 567 3512; x_wconf 92' lang='lat' dir='ltr'>in</span> <span class='ocrx_word' id='word_1_252' title='bbox 583 3455 648 3514; x_wconf 89' lang='lat' dir='ltr'>acie</span> <span class='ocrx_word' id='word_1_253' title='bbox 663 3455 763 3535; x_wconf 91' lang='lat' dir='ltr'>campi</span> <span class='ocrx_word' id='word_1_254' title='bbox 780 3455 803 3513; x_wconf 89' lang='lat' dir='ltr'>F</span> <span class='ocrx_word' id='word_1_255' title='bbox 806 3455 880 3514; x_wconf 80' lang='lat' dir='ltr'>lorae</span> <span class='ocrx_word' id='word_1_256' title='bbox 895 3454 934 3514; x_wconf 92' lang='lat' dir='ltr'>de</span> <span class='ocrx_word' id='word_1_257' title='bbox 951 3455 1051 3528; x_wconf 89' lang='lat' dir='ltr'>Urbe,</span> <span class='ocrx_word' id='word_1_258' title='bbox 1067 3463 1103 3515; x_wconf 92' lang='lat' dir='ltr'>ut</span> <span class='ocrx_word' id='word_1_259' title='bbox 1116 3457 1212 3518; x_wconf 89' lang='lat' dir='ltr'>moris</span> <span class='ocrx_word' id='word_1_260' title='bbox 1226 3466 1289 3530; x_wconf 91' lang='lat' dir='ltr'>est,</span> 
     </span>
     <span class='ocr_line' id='line_1_33' title="bbox 164 3548 1291 3631; baseline 0.005 -24"><span class='ocrx_word' id='word_1_261' title='bbox 164 3548 365 3629; x_wconf 89' lang='lat' dir='ltr'>publicentur</span> <span class='ocrx_word' id='word_1_262' title='bbox 384 3557 416 3609; x_wconf 89' lang='lat' dir='ltr'>et</span> <span class='ocrx_word' id='word_1_263' title='bbox 434 3550 613 3629; x_wconf 85' lang='lat' dir='ltr'>alligantur,</span> <span class='ocrx_word' id='word_1_264' title='bbox 635 3550 741 3631; x_wconf 90' lang='lat' dir='ltr'>sicque</span> <span class='ocrx_word' id='word_1_265' title='bbox 763 3549 928 3631; x_wconf 79' lang='lat' dir='ltr'>publicatae</span> <span class='ocrx_word' id='word_1_266' title='bbox 950 3557 981 3610; x_wconf 91' lang='lat' dir='ltr'>et</span> <span class='ocrx_word' id='word_1_267' title='bbox 1002 3551 1103 3612; x_wconf 79' lang='lat' dir='ltr'>allixae</span> <span class='ocrx_word' id='word_1_268' title='bbox 1127 3573 1235 3613; x_wconf 90' lang='lat' dir='ltr'>omnes</span> <span class='ocrx_word' id='word_1_269' title='bbox 1260 3563 1291 3614; x_wconf 90' lang='lat' dir='ltr'>et</span> 
     </span>
     <span class='ocr_line' id='line_1_34' title="bbox 164 3644 1290 3726; baseline 0.004 -22"><span class='ocrx_word' id='word_1_270' title='bbox 164 3644 319 3724; x_wconf 90' lang='lat' dir='ltr'>singulos,</span> <span class='ocrx_word' id='word_1_271' title='bbox 336 3666 415 3726; x_wconf 89' lang='lat' dir='ltr'>quos</span> <span class='ocrx_word' id='word_1_272' title='bbox 435 3645 496 3705; x_wconf 84' lang='lat' dir='ltr'>illae</span> <span class='ocrx_word' id='word_1_273' title='bbox 516 3653 725 3719; x_wconf 93' lang='lat' dir='ltr'>concernunt,</span> <span class='ocrx_word' id='word_1_274' title='bbox 742 3645 870 3726; x_wconf 89' lang='lat' dir='ltr'>perinde</span> <span class='ocrx_word' id='word_1_275' title='bbox 889 3653 1011 3706; x_wconf 90' lang='lat' dir='ltr'>arctent</span> <span class='ocrx_word' id='word_1_276' title='bbox 1030 3655 1062 3706; x_wconf 92' lang='lat' dir='ltr'>et</span> <span class='ocrx_word' id='word_1_277' title='bbox 1080 3647 1233 3726; x_wconf 88' lang='lat' dir='ltr'>alliciant,</span> <span class='ocrx_word' id='word_1_278' title='bbox 1254 3670 1290 3709; x_wconf 93' lang='lat' dir='ltr'>ac</span> 
     </span>
     <span class='ocr_line' id='line_1_35' title="bbox 164 3741 1288 3822; baseline 0.004 -22"><span class='ocrx_word' id='word_1_279' title='bbox 164 3741 189 3800; x_wconf 86' lang='lat' dir='ltr'>si</span> <span class='ocrx_word' id='word_1_280' title='bbox 205 3741 373 3822; x_wconf 90' lang='lat' dir='ltr'>unicuique</span> <span class='ocrx_word' id='word_1_281' title='bbox 389 3762 497 3801; x_wconf 90' lang='lat' dir='ltr'>eorum</span> <span class='ocrx_word' id='word_1_282' title='bbox 514 3741 697 3802; x_wconf 91' lang='lat' dir='ltr'>nominatim</span> <span class='ocrx_word' id='word_1_283' title='bbox 712 3749 744 3801; x_wconf 90' lang='lat' dir='ltr'>et</span> <span class='ocrx_word' id='word_1_284' title='bbox 756 3743 961 3822; x_wconf 88' lang='lat' dir='ltr'>personaliter</span> <span class='ocrx_word' id='word_1_285' title='bbox 975 3743 1126 3804; x_wconf 74' lang='lat' dir='ltr'>intimatae</span> <span class='ocrx_word' id='word_1_286' title='bbox 1141 3745 1288 3820; x_wconf 78' lang='lat' dir='ltr'>fuissent3</span> 
     </span>
     <span class='ocr_line' id='line_1_36' title="bbox 164 3837 1289 3922; baseline 0.004 -26"><span class='ocrx_word' id='word_1_287' title='bbox 164 3837 311 3918; x_wconf 90' lang='lat' dir='ltr'>quodque</span> <span class='ocrx_word' id='word_1_288' title='bbox 326 3837 505 3897; x_wconf 91' lang='lat' dir='ltr'>earumdem</span> <span class='ocrx_word' id='word_1_289' title='bbox 519 3839 720 3918; x_wconf 83' lang='lat' dir='ltr'>praesentium</span> <span class='ocrx_word' id='word_1_290' title='bbox 734 3839 937 3919; x_wconf 89' lang='lat' dir='ltr'>transumptis</span> <span class='ocrx_word' id='word_1_291' title='bbox 950 3859 1005 3900; x_wconf 89' lang='lat' dir='ltr'>seu</span> <span class='ocrx_word' id='word_1_292' title='bbox 1020 3841 1182 3922; x_wconf 86' lang='lat' dir='ltr'>exemplis,</span> <span class='ocrx_word' id='word_1_293' title='bbox 1196 3842 1289 3901; x_wconf 90' lang='lat' dir='ltr'>etiam</span> 
     </span>
     <span class='ocr_line' id='line_1_37' title="bbox 163 3933 1289 4017; baseline 0.004 -25"><span class='ocrx_word' id='word_1_294' title='bbox 163 3933 339 4013; x_wconf 87' lang='lat' dir='ltr'>impressis,</span> <span class='ocrx_word' id='word_1_295' title='bbox 365 3955 458 3994; x_wconf 93' lang='lat' dir='ltr'>manu</span> <span class='ocrx_word' id='word_1_296' title='bbox 485 3933 618 4015; x_wconf 89' lang='lat' dir='ltr'>alicujus</span> <span class='ocrx_word' id='word_1_297' title='bbox 644 3934 757 3994; x_wconf 92' lang='lat' dir='ltr'>notarii</span> <span class='ocrx_word' id='word_1_298' title='bbox 784 3934 900 4014; x_wconf 92' lang='lat' dir='ltr'>publici</span> <span class='ocrx_word' id='word_1_299' title='bbox 927 3934 1109 4017; x_wconf 91' lang='lat' dir='ltr'>subscriptis</span> <span class='ocrx_word' id='word_1_300' title='bbox 1133 3944 1164 3996; x_wconf 88' lang='lat' dir='ltr'>et</span> <span class='ocrx_word' id='word_1_301' title='bbox 1187 3937 1289 4016; x_wconf 88' lang='lat' dir='ltr'>sigillo</span> 
     </span>
     <span class='ocr_line' id='line_1_38' title="bbox 163 4027 1288 4110; baseline 0.004 -23"><span class='ocrx_word' id='word_1_302' title='bbox 163 4027 296 4110; x_wconf 85' lang='lat' dir='ltr'>alicujus</span> <span class='ocrx_word' id='word_1_303' title='bbox 318 4051 459 4110; x_wconf 85' lang='lat' dir='ltr'>personae</span> <span class='ocrx_word' id='word_1_304' title='bbox 481 4030 512 4090; x_wconf 95' lang='lat' dir='ltr'>in</span> <span class='ocrx_word' id='word_1_305' title='bbox 534 4030 686 4109; x_wconf 88' lang='lat' dir='ltr'>dignitate</span> <span class='ocrx_word' id='word_1_306' title='bbox 709 4029 917 4090; x_wconf 89' lang='lat' dir='ltr'>ecclesiastica</span> <span class='ocrx_word' id='word_1_307' title='bbox 942 4032 1120 4092; x_wconf 81' lang='lat' dir='ltr'>constitutae</span> <span class='ocrx_word' id='word_1_308' title='bbox 1144 4033 1288 4104; x_wconf 87' lang='lat' dir='ltr'>munitis,</span> 
     </span>
     <span class='ocr_line' id='line_1_39' title="bbox 164 4125 1289 4210; baseline 0.004 -26"><span class='ocrx_word' id='word_1_309' title='bbox 164 4125 272 4185; x_wconf 91' lang='lat' dir='ltr'>eadem</span> <span class='ocrx_word' id='word_1_310' title='bbox 296 4146 423 4206; x_wconf 90' lang='lat' dir='ltr'>prorsus</span> <span class='ocrx_word' id='word_1_311' title='bbox 445 4126 536 4200; x_wconf 87' lang='lat' dir='ltr'>fides,</span> <span class='ocrx_word' id='word_1_312' title='bbox 557 4134 620 4186; x_wconf 88' lang='lat' dir='ltr'>tam</span> <span class='ocrx_word' id='word_1_313' title='bbox 642 4126 674 4184; x_wconf 94' lang='lat' dir='ltr'>in</span> <span class='ocrx_word' id='word_1_314' title='bbox 692 4125 813 4206; x_wconf 89' lang='lat' dir='ltr'>judicio</span> <span class='ocrx_word' id='word_1_315' title='bbox 834 4147 928 4206; x_wconf 92' lang='lat' dir='ltr'>quam</span> <span class='ocrx_word' id='word_1_316' title='bbox 949 4134 1036 4188; x_wconf 91' lang='lat' dir='ltr'>extra</span> <span class='ocrx_word' id='word_1_317' title='bbox 1057 4127 1151 4202; x_wconf 92' lang='lat' dir='ltr'>illud,</span> <span class='ocrx_word' id='word_1_318' title='bbox 1174 4127 1289 4210; x_wconf 88' lang='lat' dir='ltr'>ubique</span> 
     </span>
     <span class='ocr_line' id='line_1_40' title="bbox 164 4221 1290 4304; baseline 0.002 -22"><span class='ocrx_word' id='word_1_319' title='bbox 164 4221 360 4295; x_wconf 89' lang='lat' dir='ltr'>adhibeatur,</span> <span class='ocrx_word' id='word_1_320' title='bbox 383 4243 453 4304; x_wconf 83' lang='lat' dir='ltr'>quae</span> <span class='ocrx_word' id='word_1_321' title='bbox 475 4222 549 4304; x_wconf 89' lang='lat' dir='ltr'>ipsis</span> <span class='ocrx_word' id='word_1_322' title='bbox 571 4222 776 4304; x_wconf 75' lang='lat' dir='ltr'>praesentibus</span> <span class='ocrx_word' id='word_1_323' title='bbox 797 4223 1010 4298; x_wconf 86' lang='lat' dir='ltr'>adhiberetur,</span> <span class='ocrx_word' id='word_1_324' title='bbox 1031 4223 1056 4282; x_wconf 90' lang='lat' dir='ltr'>si</span> <span class='ocrx_word' id='word_1_325' title='bbox 1079 4223 1183 4284; x_wconf 83' lang='lat' dir='ltr'>forent</span> <span class='ocrx_word' id='word_1_326' title='bbox 1203 4223 1290 4286; x_wconf 88' lang='lat' dir='ltr'>exhi·</span> 
     </span>
     <span class='ocr_line' id='line_1_41' title="bbox 165 4302 461 4380; baseline 0.003 -2"><span class='ocrx_word' id='word_1_327' title='bbox 165 4317 238 4378; x_wconf 81' lang='lat' dir='ltr'>bitae</span> <span class='ocrx_word' id='word_1_328' title='bbox 255 4319 303 4378; x_wconf 92' lang='lat' dir='ltr'>vel</span> <span class='ocrx_word' id='word_1_329' title='bbox 318 4302 461 4380; x_wconf 76' lang='lat' dir='ltr'>ostensae.</span> 
     </span>
    </p>
   </div>
   <div class='ocr_carea' id='block_1_8' title="bbox 0 0 1631 5052">
    <p class='ocr_par' dir='ltr' id='par_1_10' title="bbox 0 0 1631 5052">
     <span class='ocr_line' id='line_1_42' title="bbox 0 0 1631 5052; baseline 0 0"><span class='ocrx_word' id='word_1_330' title='bbox 0 0 1631 5052; x_wconf 95' lang='lat' dir='ltr'> </span> 
     </span>
    </p>
   </div>
  </div>
 </body>
</html>
