3294 5054
320 447 374 500 3⁶2
588 451 634 500 lt!
651 451 792 502 LEGIBUS
810 449 926 502 SACRAE'
942 451 1179 502 &menonis

321 592 441 680 possit,
462 593 595 656 eosdem
610 595 756 679 episcopi
773 595 931 658 ordinent
954 594 1055 658 tituto
1072 595 1201 658 seruitii
1218 615 1286 660 suae
1300 594 1448 658 dioecesis

319 729 380 770 seu
398 705 539 770 ecclesie
545 758 556 790 ,
579 717 612 770 et
632 708 675 770 de
692 708 911 772 ecclesiastico
930 709 1047 794 officio
1059 709 1279 795 provideant,
1300 731 1370 794 quo
1387 709 1447 772 de»

318 829 434 884 center
450 821 635 885 sustentari
654 822 799 890 valeant.
822 822 952 886 Curent
972 831 1087 886 autem
1112 824 1271 909 episcopi,
1293 824 1361 886 siue
1380 845 1446 907 per

321 935 509 998 oblationes
528 936 740 1020 fidelium...,
761 938 828 1000 sice
848 959 914 1022 per
939 937 1007 1001 alia
1026 960 1095 1022 pro
1115 938 1264 1002 locorum
1284 943 1444 1022 opportu-

320 1049 426 1112 nitate
450 1051 679 1134 comparando
705 1052 857 1115 subsidia
878 1052 913 1114 id
932 1055 1082 1136 efficere,
1107 1061 1144 1116 ut
1171 1060 1205 1115 et
1228 1053 1254 1116 is
1278 1050 1446 1115 habeatur

320 1184 497 1227 sacrorum
517 1164 757 1229 ministrorum
783 1187 946 1230 numerus
969 1188 1073 1252 quem
1091 1165 1154 1230 Dei
1172 1165 1284 1230 cultus
1307 1187 1345 1228 ac
1363 1165 1445 1248 fide·

322 1276 407 1340 lium
422 1299 504 1341 cura
519 1278 686 1361 postulat,
703 1287 735 1342 et
754 1301 873 1343 eorum
892 1281 953 1365 qui
973 1281 1126 1364 indipent
1146 1279 1257 1364 inopie
1275 1278 1445 1343 subleuari

320 1393 459 1476 queat¹3
484 1419 500 1451 u
521 1431 566 1440 -
590 1394 622 1458 5.
645 1392 792 1457 Proinde
811 1417 890 1458 cum
909 1393 1070 1482 prredicta
1093 1392 1302 1458 consuetudo
1326 1392 1370 1456 sit
1392 1415 1445 1454 ra-

320 1503 509 1586 tionabilis,
539 1513 573 1569 et
603 1529 681 1570 cum
707 1530 769 1595 per
794 1507 994 1579 diuturnum
1026 1514 1180 1594 tempus,
1211 1507 1280 1571 imo
1308 1514 1445 1570 centum

315 1617 389 1702 jam
413 1617 527 1698 annis,
549 1619 713 1706 riguerit,
740 1619 888 1685 dubitari
912 1621 1030 1720 nequit
1054 1621 1098 1684 de
1120 1621 1194 1708 ejus
1217 1619 1441 1706 legitimitate.

367 1846 463 1914 148.
482 1886 528 1896 -
550 1848 649 1915 Jure
675 1849 910 1916 clericorum
938 1849 1106 1936 praetuto
1136 1847 1253 1916 modo
1281 1847 1444 1914 ordina·

318 1965 466 2026 torum.

367 2073 401 2135 l⁰
417 2073 554 2155 Clerici,
577 2075 620 2138 de
639 2075 765 2163 quibus
782 2077 906 2164 agitur,
924 2077 983 2163 jus
1007 2075 1135 2142 hubent
1153 2084 1192 2141 ut
1212 2082 1445 2140 sustententur

318 2185 549 2274 abepiscopo.
568 2189 613 2255 Ut
633 2191 724 2253 enim
741 2213 842 2277 supra
858 2190 1018 2272 diximus,
1032 2191 1131 2278 juxta
1151 2189 1442 2269 consuetudinem,

321 2301 433 2387 qualis
456 2302 549 2387 viget
573 2311 608 2366 et
641 2305 751 2390 qualis
777 2304 819 2368 ab
838 2304 997 2369 omnibus
1020 2305 1223 2390 intelligitur
1247 2304 1282 2368 in
1306 2303 1442 2382 Galliis,

321 2415 515 2502 episcopus,
539 2417 598 2504 qui
616 2418 751 2482 ordinat
774 2419 916 2483 clericos
939 2420 1012 2483 sine
1035 2419 1152 2498 titulo,
1175 2419 1345 2506 suscipere
1370 2438 1448 2480 cen-

320 2536 425 2609 setnr,
457 2530 524 2594 imo
550 2554 668 2596 revera
697 2533 839 2620 suscipit
869 2531 1113 2619 obligationem
1142 2531 1355 2597 sustentandi
1384 2529 1447 2594 hos

318 2641 480 2724 clericos,
513 2668 612 2732 porro
642 2645 719 2710 huic
749 2647 986 2734 episcoporum
1017 2646 1217 2732 obligationi
1245 2643 1442 2732 respondet,

321 2737 496 2845 tamquam
516 2760 771 2841 correlativuni‚
790 2760 850 2846 jus
869 2753 1069 2826 clericorum
1087 2761 1130 2826 ad
1149 2759 1444 2824 sustentationem.

321 2871 482 2937 -Unde
500 2872 530 2936 si
549 2873 730 2960 episcopus
744 2874 901 2938 uolitant
920 2881 1066 2960 nequeat
1077 2873 1143 2937 hos
1155 2872 1296 2936 clericos
1315 2877 1447 2936 susten-

322 2991 393 3048 tare
424 2987 668 3051 committendo
702 2987 787 3074 ipsis
818 3011 945 3052 munus
975 2987 1262 3066 ecclesiasticum,
1289 2985 1380 3050 unde
1401 2983 1447 3047 ali

318 3099 469 3184 possint,
492 3106 630 3166 tenetur
657 3101 779 3166 saltem
802 3101 951 3188 prebere
975 3101 1043 3166 illis
1063 3101 1242 3182 alimenta,
1265 3127 1281 3160 «
1304 3099 1389 3178 nisi,
1408 3103 1447 3161 ut

320 3211 386 3278 fert
414 3237 487 3301 cap.
524 3216 727 3301 Episcopus,
767 3215 803 3297 l,
839 3216 890 3280 Du
917 3235 1095 3280 eumenius
1127 3215 1247 3303 (supra
1280 3213 1445 3291 relatum,

322 3347 356 3390 n.
381 3329 475 3412 134,
496 3329 545 3413 20)
564 3329 643 3393 tulis
662 3329 854 3410 ordinum,
876 3330 917 3392 dc
935 3351 996 3393 sua
1015 3329 1067 3392 uel
1080 3337 1227 3414 paterne
1247 3327 1444 3408 hereditate,

321 3441 513 3505 eulnidium
532 3444 607 3506 oitae
621 3445 730 3527 possit
750 3443 897 3524 habere,·
918 3469 934 3504 u
955 3441 999 3507 ad
1017 3465 1174 3506 normam
1197 3441 1325 3530 quippe
1346 3439 1448 3527 hujus

321 3555 459 3618 canonis
480 3555 701 3642 intelligenda
716 3557 852 3621 uidetur
867 3555 1007 3644 prefata
1022 3555 1250 3636 consuetudo;
1268 3577 1337 3618 non
1356 3553 1447 3618 enim

321 3669 472 3756 episcopi
497 3677 680 3735 censentur
697 3671 888 3757 graviorem
908 3668 972 3734 sibi
995 3693 1170 3735 assumere
1188 3669 1443 3754 obligationem,

319 3805 422 3870 quam
443 3807 497 3866 ea,
521 3807 594 3871 quae
618 3785 702 3871 ipsis
721 3785 849 3874 injure
869 3784 1030 3849 canonico
1050 3784 1247 3872 imponitur.

366 3897 400 3960 2⁰
418 3897 480 3963 Jus
500 3897 586 3960 illud
604 3898 804 3963 clericorum
824 3898 868 3964 ad
891 3899 1177 3964 sustentationem
1201 3919 1270 3962 non
1294 3903 1346 3960 est
1374 3895 1446 3959 ina-

322 4011 502 4094 missitite;
536 4011 564 4074 si
589 4034 713 4100 nempe
743 4012 887 4077 clericus
915 4035 978 4077 sua
1009 4011 1108 4097 culpe
1132 4013 1232 4097 praui
1260 4032 1300 4075 se
1327 4007 1449 4074 reddat

352 4183 361 4216 1
379 4184 491 4242 Martin,
509 4183 636 4232 Omnium
651 4200 725 4233 conc.
745 4185 801 4232 Vat.
816 4183 1040 4232 documentorum
1055 4181 1192 4240 collectio,
1253 4179 1446 4238 Paderbornoe,

322 4266 390 4320 1373,
407 4277 432 4324 p.
449 4264 507 4319 1⁴43
523 4289 549 4296 -
566 4263 632 4310 Actu
648 4279 720 4310 conc.
742 4261 836 4318 Vatis„
853 4261 915 4309 coll.
932 4261 1002 4320 Lau,
1019 4277 1045 4323 p.
1062 4265 1116 4308 669.
