3248 5052
308 441 360 494 616
665 444 708 493 DE
728 441 832 492 SACRX
851 441 1078 492 ORDINITIONE

307 585 357 644 die
373 588 410 645 28
427 585 573 646 februarii
588 586 661 646 anni
682 584 856 658 MDCLIV‚
874 591 908 644 ut
927 589 1069 643 notatum
1090 583 1245 664 reperitur
1264 583 1343 644 libro
1359 584 1437 644 XIX

307 681 405 760 ipsius
424 680 636 752 decretorum,
652 701 722 760 pag.
740 683 810 751 316,
827 681 870 740 ita
893 680 1050 759 rescripsit
1070 697 1077 738 ε
1100 679 1273 762 Requlares
1296 679 1436 739 uolentes

307 799 340 837 se
347 797 532 858 promouere
545 776 587 838 ad
600 777 743 852 ordines,
761 797 823 836 non
837 775 938 835 teneri
950 774 1112 836 ostendere
1125 774 1324 836 dimissorias
1339 774 1437 836 Ordi-

309 873 472 934 nariorum
488 873 631 955 propriae
651 872 802 956 oriqinis,
820 871 875 932 sed
894 872 1036 954 sufficere
1058 879 1091 931 ut
1110 870 1275 932 observent
1293 871 1434 952 sormam

303 971 527 1052 praescriptam
544 971 577 1030 in
597 969 721 1030 decreto
740 990 808 1030 san.
826 989 919 1029 mem.
938 967 1109 1029 Clementis
1131 966 1216 1028 VIII.
1233 968 1324 1037 Quod
1338 970 1435 1028 etiam

307 1067 496 1146 amplissime
516 1067 733 1126 confirmatum
754 1066 813 1124 luit
833 1065 862 1124 in
883 1065 944 1124 alio
961 1064 1088 1124 decreto
1107 1065 1192 1124 edito
1210 1065 1260 1124 die
1278 1069 1313 1126 17
1329 1066 1435 1124 martii

307 1163 378 1224 anni
395 1163 627 1234 MDCLXXW,
644 1161 841 1222 decretorum
853 1161 932 1221 libro
943 1160 1088 1234 XXVIII,
1099 1181 1170 1240 pag.
1186 1163 1240 1220 261
1257 1169 1289 1220 et
1301 1181 1435 1240 sequen-

309 1258 401 1318 tibus.

347 1355 436 1423 Quod
453 1377 528 1414 vero
542 1361 663 1434 spectat
676 1354 713 1414 ad
729 1353 909 1432 Regulam,
925 1373 1116 1414 cumeorum
1131 1361 1356 1433 praesumptum
1366 1353 1433 1433 jue,

307 1473 366 1511 una
393 1471 464 1510 cum
492 1452 664 1511 rationibus
689 1451 728 1510 ab
755 1451 830 1530 ipsis
854 1449 1031 1530 plenissime
1057 1448 1214 1523 deductis,
1240 1451 1271 1508 in
1297 1449 1435 1530 quadam

307 1547 556 1626 Congrcgatione
567 1547 746 1627 particulari
757 1547 978 1606 nonnullorum
991 1545 1112 1605 Sanctae
1125 1545 1274 1604 Romanae
1286 1545 1434 1605 Ecclesiae

306 1643 516 1703 Cardinalium
542 1665 558 1704 a
583 1645 682 1704 felicis
704 1643 928 1704 recordationis
950 1642 1179 1722 praedecessore
1203 1643 1317 1702 Nostro
1340 1642 1436 1701 Inno-

305 1740 408 1800 centio
424 1760 511 1819 papae
528 1740 601 1798 XIII
618 1740 778 1818 deputata,
796 1739 845 1798 cui
863 1739 926 1798 Nos
940 1739 970 1796 in
986 1738 1158 1797 minoribus
1175 1745 1248 1798 tunc
1263 1739 1435 1798 existentes

306 1836 451 1894 Nostram
467 1836 727 1915 qualemcumque
743 1855 881 1914 operam,
894 1855 949 1914 pro
962 1833 1150 1894 demandato
1162 1834 1260 1893 Nobis
1273 1835 1434 1894 secretarii

285 1975 288 1986 ,
305 1951 443 2006 munere,
461 1931 662 2004 contulimus,
674 1932 841 2010 diligenter
855 1951 1024 2010 expensum
1039 1938 1069 1990 et
1085 1931 1294 1990 examinatum
1309 1931 1432 2004 luisset,

304 2049 437 2109 cumque
457 2028 495 2088 ad
516 2028 695 2110 hujusmodi
716 2029 921 2108 quaestionem
941 2027 1165 2098 definiendam,
1183 2027 1214 2086 id
1233 2028 1432 2107 potissimum

304 2125 405 2184 visum
421 2133 502 2183 essct
518 2126 547 2184 in
565 2124 636 2204 jure
652 2123 868 2194 statuendum,
885 2145 923 2183 an
939 2123 977 2183 ad
995 2125 1139 2183 ellectum
1155 2123 1308 2183 eximendi
1328 2123 1434 2203 Regu·

304 2221 383 2280 lares
402 2241 418 2280 a
440 2221 561 2300 praelati
582 2221 699 2280 decreti
720 2221 905 2304 Clementini
926 2220 1139 2292 observantia,
1157 2220 1328 2292 sufficeret,
1345 2219 1434 2300 quod

304 2315 464 2396 privilegia
487 2317 675 2396 suscipiendi
698 2317 823 2376 ordines
842 2337 858 2376 a
879 2337 1078 2397 quocumque
1098 2316 1172 2396 ipsis
1192 2336 1336 2376 concessa
1356 2315 1434 2374 luis-

304 2420 373 2472 sent
400 2420 470 2492 post
497 2413 672 2472 Concilium
699 2413 934 2484 Tridentium,
963 2433 980 2472 a
1006 2433 1068 2493 quo
1096 2411 1274 2492 hujusmodi
1302 2412 1433 2492 antiqua

305 2509 466 2588 privilegia
500 2508 649 2587 abrogata
684 2509 778 2568 luisse
807 2509 882 2567 satis
914 2515 1062 2580 constat;
1093 2529 1132 2567 an
1164 2528 1238 2567 vero
1271 2515 1436 2586 oporteret

196 2664 198 2668 .
305 2604 413 2664 eadem
447 2625 593 2664 concessa
627 2605 722 2664 luisse
756 2613 828 2684 post
861 2605 962 2684 ipsum
994 2603 1162 2663 Clementis
1194 2603 1434 2682 praedecessoris

305 2701 485 2774 decretum3
507 2722 542 2761 ac
563 2708 712 2780 praeterea
732 2723 771 2760 an
794 2700 973 2781 hujusmodi
993 2699 1154 2780 privilegia
1175 2721 1262 2780 aeque
1284 2701 1435 2779 suffraga-

306 2805 414 2856 rentur
429 2797 464 2856 iis
480 2797 518 2856 ad
531 2818 611 2877 quos
624 2817 680 2876 per
695 2797 776 2857 viam
791 2797 1082 2856 communicationis
1098 2804 1223 2856 extensa
1239 2796 1433 2868 dicerentur,

306 2915 341 2953 ac
357 2894 404 2965 iis,
420 2893 533 2974 quibus
549 2893 665 2952 directe
681 2901 711 2952 et
727 2915 872 2974 expresse
888 2892 1007 2952 indulta
1025 2893 1168 2965 luerunt;
1185 2892 1266 2952 idem
1282 2891 1435 2952 Innocen-

307 2991 368 3049 tius
395 2989 620 3069 praedccessor,
648 2991 755 3051 audito
786 2991 922 3071 praelatae
952 2989 1210 3068 Congregationis
1236 2989 1437 3068 particularis

308 3086 452 3157 consilio,
479 3085 634 3159 decrevit,
660 3088 734 3146 satis
756 3108 838 3158 csse,
862 3086 899 3146 ad
925 3086 1138 3165 supradictum
1163 3087 1323 3156 ellectum,
1347 3085 1436 3164 quod

309 3182 487 3264 hujusmodi
499 3183 659 3262 privilegia
669 3191 740 3262 post
749 3183 915 3242 concilium
924 3182 1140 3241 Tridentinum
1149 3201 1294 3242 concessa
1303 3181 1434 3254 luerint,

309 3279 452 3359 quamvis
474 3279 603 3359 prealato
625 3278 820 3338 Clementino
838 3279 963 3338 decreto
984 3279 1157 3359 posteriora
1173 3300 1234 3339 non
1250 3279 1328 3352 sint3
1345 3277 1437 3337 dum-

311 3375 403 3435 modo
419 3383 523 3434 tamen
538 3375 655 3434 directe
670 3396 816 3434 concessa
832 3375 926 3435 luisse
939 3383 1071 3448 constet,
1088 3397 1149 3435 non
1163 3376 1281 3435 veroin
1296 3394 1436 3434 commu-

312 3471 497 3530 nicationem
510 3471 744 3551 privilegiorum
757 3472 796 3530 de
812 3493 874 3531 uno
888 3473 918 3531 in
932 3472 1026 3532 alium
1040 3471 1187 3532 Ordinem
1200 3471 1339 3530 derivata
1352 3491 1438 3529 asse-

311 3575 436 3639 rantur;
452 3566 715 3647 quemadmodum
727 3567 792 3647 ipse
804 3568 1004 3628 Innocentius
1017 3568 1048 3626 in
1059 3569 1122 3627 suis
1133 3567 1311 3647 apostolicis
1322 3565 1437 3626 litteris

313 3663 551 3744 incipientibus:
566 3663 744 3742 Apostolici
758 3663 939 3740 ministerii,
953 3665 1003 3724 die
1013 3667 1053 3724 30
1068 3663 1139 3722 maii
1152 3663 1223 3722 anni
1235 3661 1435 3722 MDCXXIII

312 3761 392 3820 datis
418 3781 453 3819 ac
480 3761 591 3820 deinde
618 3761 808 3820 confirmatis
837 3781 854 3820 a
880 3769 994 3820 sanctae
1023 3759 1179 3818 memoriae
1206 3759 1436 3838 praedecessore

313 3858 428 3938 pariter
452 3856 567 3916 Nostro
593 3856 762 3916 Benedicto
788 3877 867 3936 papa
887 3857 978 3930 XIII,
1000 3877 1055 3934 per
1081 3856 1157 3914 alias
1176 3853 1292 3915 similes
1316 3854 1437 3913 litteras

312 3956 400 4014 datas
415 3955 464 4013 die
480 3953 517 4012 23
533 3954 718 4032 septembris
733 3955 804 4014 anni
822 3953 1055 4024 MDCCXXIV‚
1073 3973 1204 4032 quarum
1225 3951 1347 4010 initium
1364 3957 1433 4009 est:

312 4051 347 4110 In
362 4070 519 4131 supremo,
533 4057 641 4128 aperte
654 4050 823 4110 declaravit
837 4051 884 4108 his
899 4049 1000 4108 verbis
1013 4067 1019 4108 :
1034 4047 1159 4121 Quoties
1172 4068 1247 4130 erpo
1260 4047 1435 4130 Reqularcs

312 4147 354 4207 ad
373 4147 499 4206 ordines
518 4153 612 4206 erunt
627 4145 849 4228 promovendi,
870 4153 1011 4206 serretur
1030 4144 1157 4204 omnino
1176 4143 1336 4204 decretum
1352 4143 1435 4203 Con-

312 4242 508 4325 qrepationis
528 4241 741 4304 cardinalium
762 4242 891 4303 concilii
910 4240 1092 4302 Tridentmi
1110 4241 1318 4321 interpretum
1337 4261 1356 4299 a
1370 4239 1436 4320 pin
