3248 5052
638 459 841 509 DOCUMENTA
1249 455 1300 508 64³

176 603 270 683 hujus
291 602 385 680 igitur
404 601 576 682 disciplinae
596 601 794 661 observantia
814 602 860 660 vis
885 602 965 661 inest
989 609 1165 682 opportuna
1185 621 1302 682 propo-

178 699 247 758 sito.
260 699 338 758 Nam
354 698 378 757 si
394 699 444 756 cui
455 699 534 757 forte
549 697 720 779 quidquam
731 697 934 758 dubitationis
945 698 1080 757 resideat
1092 699 1123 756 in
1134 718 1301 779 quamnam

177 816 250 854 vere
270 795 455 854 sententiam
471 816 506 853 ea
528 795 708 874 pontificum
727 794 896 875 diplomata
919 795 981 854 sint
1002 793 1195 875 accipienda,
1219 801 1302 853 recte

178 891 255 950 illud
270 891 375 951 valet:
395 891 593 952 Consuetudo
613 891 732 972 optima
748 891 854 974 legum
874 890 1040 971 interpres.
1058 891 1212 959 Quoniam
1228 911 1303 950 vero

179 989 302 1047 firmum
322 1009 445 1068 semper
460 995 624 1068 ratumque
645 988 675 1046 in
693 987 831 1047 Ecclesia
846 987 975 1062 mansit,
992 986 1110 1046 ordinis
1130 1007 1304 1046 sacramen-

179 1091 244 1144 tum
258 1085 345 1143 nelas
361 1105 426 1142 esse
443 1085 563 1156 iterari,
581 1084 646 1142 fieri
664 1083 750 1143 nullo
766 1091 856 1163 pacto
877 1091 999 1163 poterat
1014 1091 1049 1142 ut
1066 1083 1156 1143 talem
1173 1102 1305 1142 consue-

179 1180 320 1241 tudinem
344 1181 516 1260 apostolica
538 1180 633 1239 Sedes
654 1186 813 1260 pateretur
841 1179 934 1239 tacita
959 1200 995 1239 ac
1023 1179 1180 1238 toleraret.
1206 1179 1304 1258 Atqui

180 1297 247 1336 eam
265 1298 325 1335 non
342 1276 487 1336 toleravit
500 1277 617 1348 solum,
630 1276 683 1335 sed
700 1275 845 1356 probavit
860 1276 953 1335 etiam
969 1283 1000 1334 et
1016 1275 1118 1335 sanxit
1132 1275 1214 1356 ipsa,
1227 1295 1304 1356 quo-

180 1374 373 1454 tiescumque
389 1374 420 1431 in
434 1373 541 1432 eadem
557 1394 589 1431 re
603 1371 757 1452 peculiare
772 1371 898 1452 aliquod
913 1372 1029 1431 lactum
1043 1371 1153 1431 incidit
1162 1371 1305 1452 judican-

180 1469 267 1530 dum.
286 1471 357 1530 Duo
373 1469 525 1549 ejusmodi
543 1469 623 1528 lacta
637 1469 668 1526 in
682 1467 818 1527 medium
837 1468 1039 1548 proferimuS,
1055 1490 1093 1527 ex
1111 1468 1217 1527 multis
1234 1488 1305 1547 quae

181 1565 218 1624 ad
230 1565 419 1646 Supremam
430 1573 503 1625 sunt
515 1565 646 1624 subinde
661 1563 763 1624 delata
775 1581 781 1623 :
797 1564 940 1638 alterum,
950 1585 1032 1624 anno
1042 1564 1303 1636 MDCLXXXIV,

181 1662 343 1743 cujusdam
370 1662 550 1721 Calvinistrc
575 1661 673 1734 Galli,
699 1660 848 1732 alterum,
877 1681 958 1720 anno
978 1659 1155 1732 MDCClV,
1176 1660 1306 1720 loannis

181 1758 352 1818 Clementis
382 1758 528 1830 Gordon,
560 1757 721 1838 utriusque
748 1756 920 1816 secundum
944 1756 1056 1816 rituale
1081 1757 1306 1816 eduardianum

182 1875 255 1915 suos
267 1855 370 1935 adepti
381 1855 517 1914 ordines.
531 1854 564 1912 ln
576 1853 688 1934 primo,
699 1860 769 1933 post
779 1861 953 1912 accuratam
966 1853 1010 1912 rei
1021 1853 1304 1932 investigationem,

182 1951 377 2011 consultores
402 1973 463 2010 non
489 1950 578 2030 pauci
603 1971 751 2030 responsa
775 1970 846 2022 sua,
875 1969 944 2030 qnae
969 1949 1129 2030 appellant
1150 1957 1239 2020 vota,
1268 1948 1307 2007 de

182 2048 299 2126 scripto
318 2047 497 2123 ediderunt,
515 2046 672 2126 ceterique
688 2065 757 2105 cum
779 2045 823 2104 eis
842 2045 874 2103 in
890 2065 984 2104 unam
1004 2045 1225 2126 conspirarunt
1239 2066 1308 2104 sen-

182 2143 326 2216 tentiam,
349 2163 405 2224 pro
427 2140 625 2202 invaliditale
645 2139 873 2216 ordinationis;
899 2149 1018 2200 tantum
1040 2141 1167 2221 quidem
1187 2141 1307 2200 ratione

183 2239 288 2299 habita
310 2239 571 2319 opportunitatis,
596 2237 713 2318 placuit
734 2237 943 2296 cardinalibus
965 2237 1168 2317 respondere,
1186 2235 1305 2296 Dilata.

184 2336 299 2394 Eadem
316 2356 390 2394 vero
404 2343 471 2394 acta
488 2335 619 2414 repetita
635 2341 666 2393 et
679 2333 847 2414 ponderata
865 2340 937 2392 sunt
951 2333 1079 2393 infacto
1096 2333 1209 2406 alter03
1226 2354 1308 2414 qum·

184 2433 243 2492 sita
263 2439 336 2490 sunt
359 2439 510 2511 praeterea
531 2452 610 2490 nova
631 2429 846 2489 consultorum
866 2437 955 2502 vota,
976 2430 1139 2509 rogatique
1163 2429 1308 2489 doctores

184 2529 299 2608 egregii
315 2549 331 2586 e
345 2527 524 2586 Sorbonicis
537 2548 572 2586 ac
586 2526 753 2598 DuaceniS,
769 2547 869 2606 neque
884 2525 1062 2605 praesidium
1079 2526 1176 2585 ullum
1191 2525 1310 2606 perspi-

184 2625 312 2684 cacioris
329 2623 502 2704 prudentiae
520 2623 762 2703 praetermissum
778 2630 825 2681 est
844 2621 882 2682 ad
902 2643 967 2680 rem
983 2623 1107 2702 penitus
1122 2643 1309 2701 pernoscen-

184 2722 266 2782 dam.
285 2723 387 2801 Atque
403 2721 462 2779 hoc
479 2719 735 2780 animadvertisse
755 2726 880 2799 oportet
899 2718 999 2799 quod,
1022 2719 1145 2777 tametsi
1162 2726 1226 2778 tum
1243 2719 1309 2798 ipse

185 2817 326 2890 Gordon,
341 2817 431 2897 cujus
443 2816 603 2895 negotium
618 2823 695 2886 erat,
711 2823 777 2874 tum
790 2816 886 2895 aliqui
899 2814 1093 2874 consultores
1108 2816 1188 2874 inter
1200 2835 1309 2874 causas

185 2912 345 2973 nullitatis
366 2912 561 2971 vindicandae
584 2911 677 2971 etiam
700 2911 905 2970 adduxissent
923 2909 1008 2969 illam
1028 2919 1121 2990 prout
1141 2911 1310 2990 putabatur

185 3009 413 3069 ordinationem
428 3008 578 3080 Parkerii,
596 3008 627 3066 in
643 3007 797 3067 sententia
813 3015 916 3066 tamen
933 3007 1059 3066 serenda
1074 3008 1202 3066 omnino
1218 3028 1309 3086 sepo·

184 3107 242 3166 sita
257 3113 305 3165 cst
319 3127 353 3164 ea
365 3127 469 3176 causa,
487 3113 521 3164 ut
536 3104 723 3163 documenta
740 3103 876 3184 produnt
890 3103 1019 3181 integrae
1034 3103 1121 3176 fidei,
1140 3125 1239 3184 neque
1249 3104 1308 3164 alia

184 3203 263 3262 ratio
283 3209 330 3261 est
352 3209 495 3282 reputata
518 3201 598 3260 nisi:
620 3199 761 3282 defectus
782 3199 894 3280 forma
915 3205 945 3259 et
967 3198 1162 3260 intentionis.
1184 3200 1251 3268 Qua
1271 3201 1308 3260 de

185 3301 281 3358 lorma
303 3320 365 3380 quo
385 3298 507 3378 plenius
527 3305 607 3356 esset
627 3298 804 3377 certiusque
821 3295 991 3377 judicium,
1008 3303 1134 3355 cautum
1154 3277 1256 3356 luerat
1275 3304 1309 3356 ut

185 3396 344 3475 exemplar
367 3394 522 3454 Ordiualis
547 3394 701 3473 anglicani
726 3398 923 3472 suppeterct;
943 3400 1036 3472 atque
1062 3393 1153 3450 etiam
1176 3413 1247 3451 cum
1271 3413 1308 3452 eo

185 3493 315 3572 singulas
344 3489 465 3550 collata·
488 3499 560 3550 sunt
581 3489 689 3549 lormae
716 3488 897 3560 ordinandi,
926 3509 964 3546 ex
986 3488 1079 3547 variis
1104 3488 1308 3547 Orientalium

185 3596 216 3648 et
236 3587 484 3648 Occidentalium
500 3586 612 3645 ritibus
627 3585 821 3666 conquisitae.
838 3585 918 3643 Tum
937 3583 1081 3643 Clemens
1096 3585 1154 3658 xl,
1176 3584 1252 3643 seria
1267 3585 1306 3657 V,

185 3686 236 3745 die
251 3706 311 3744 xvn
326 3684 432 3765 aprilis
449 3681 625 3753 lllDCClV,
641 3679 797 3740 decrevit:
816 3681 981 3740 «loannes
999 3679 1142 3739 Clemens
1161 3680 1306 3752 Gordon‚

185 3803 224 3842 ex
242 3780 365 3862 integro
380 3785 410 3840 et
424 3777 567 3838 absolute
582 3777 746 3839 ordinetur
761 3777 798 3836 ad
820 3797 928 3835 omnes
948 3775 1072 3836 ordines
1092 3776 1184 3836 etiam
1205 3797 1308 3836 sacros

146 3907 147 3910 ¹
185 3887 216 3938 et
231 3877 387 3959 praecipue
408 3875 656 3956 presbyteratus,
673 3880 704 3932 et
723 3879 877 3954 quatenus
896 3893 958 3931 non
979 3871 1073 3932 luerit
1091 3873 1308 3948 confirmatus,

185 3975 271 4056 prius
287 3979 515 4032 sacramentum
531 3970 776 4030 confirmationis
792 3967 951 4049 suscipiat.
969 3993 983 4024 »
1000 3968 1075 4036 Quae
1091 3969 1260 4042 sententia,
1278 3968 1309 4026 id

186 4092 258 4131 sane
278 4069 474 4129 considerare
490 4067 600 4140 refert,
617 4087 655 4124 ne
670 4086 686 4124 a
703 4064 826 4124 delectu
843 4063 968 4144 quidem
990 4062 1171 4124 traditionis
1192 4063 1309 4124 instru-

188 4173 364 4226 mentorum
377 4163 547 4246 quidquam
564 4161 714 4221 momenti
727 4160 832 4234 duxit;
851 4167 928 4220 tunc
944 4161 1025 4219 enim
1042 4161 1258 4240 praescriptum
1271 4161 1308 4220 de

187 4283 272 4322 more
292 4269 374 4322 esset
388 4267 423 4320 ut
441 4259 597 4319 ordinatio
614 4256 674 4317 sub
688 4256 872 4318 condicione
891 4257 1127 4317 instauraretur.
1145 4257 1190 4317 Eo
1204 4265 1308 4317 autem
