3270 5050
353 503 471 552 staltis
489 479 665 552 nocturni.
684 500 876 552 Ch'l'llothAE
895 500 939 550 DE
958 499 1136 550 ounlntnus
1270 494 1306 548 23

179 647 290 737 quoad
315 645 613 734 exprobrationem
633 644 854 725 photianam,
875 649 928 708 est
946 665 1039 708 mera
1059 640 1244 722 calumnia,
1266 647 1306 704 ut

180 763 261 827 dicit
288 761 514 838 Batramnus,
541 759 604 824 loc.
625 761 704 840 cit.,·
730 757 844 846 quoad
862 759 1032 842 exempla,
1058 779 1126 820 non
1152 753 1306 842 praebent

178 877 282 941 etiam
296 875 365 940 nisi
383 880 623 960 argumentum
637 873 853 958 negativum3
875 872 1058 960 scriptores
1071 870 1129 958 qui
1148 893 1187 934 ea
1206 867 1305 933 nobis

180 985 407 1069 mainerum,
429 1010 499 1052 non
519 987 583 1052 sibi
600 985 839 1075 proponebant
862 992 976 1050 texere
995 992 1102 1050 totam
1122 983 1244 1048 seriem
1263 981 1306 1046 ri·

179 1111 277 1168 tuum
300 1101 555 1188 liturgicarum,
576 1101 611 1166 in
636 1100 761 1188 quibus
783 1123 861 1188 pars
885 1099 996 1166 fuerat
1014 1097 1168 1186 pontifex
1187 1097 1245 1162 ille
1264 1097 1306 1161 de

177 1241 245 1305 quo
266 1215 505 1304 loquebantur.

223 1332 263 1396 C.
288 1330 479 1394 Conclusio.
494 1329 627 1396 —Non
647 1329 746 1394 facile
760 1336 813 1394 est
831 1327 955 1393 falsum
972 1327 1203 1392 demonstrare
1223 1348 1306 1413 prae·

176 1445 309 1510 dictum
339 1439 467 1509 factum
495 1443 715 1524 historicum
747 1443 909 1530 pleraque
939 1441 1076 1530 quidem
1107 1445 1307 1527 argumenta

177 1565 260 1623 sunt
283 1558 462 1644 negativa,
484 1551 544 1622 sed
568 1580 669 1622 nemo
693 1557 801 1622 nescit
825 1556 1007 1644 aliquando
1031 1547 1232 1640 argumenta
1253 1577 1307 1618 nc-

175 1673 291 1758 9ative
307 1671 378 1737 lieri
388 1671 552 1757 positive,
567 1670 704 1759 quando
719 1693 841 1758 nempe
856 1669 891 1734 id
906 1669 997 1758 quod
1012 1677 1155 1747 tacetur,
1173 1667 1307 1732 debuis-

177 1794 230 1851 set
245 1785 423 1866 affirmari,
441 1785 470 1849 si
489 1785 611 1850 luisset
625 1806 761 1864 verum;
780 1793 931 1850 ceterum
946 1785 1018 1848 haec
1037 1783 1178 1847 materia
1193 1783 1307 1870 potius

177 1901 222 1964 ad
239 1900 421 1964 historicos
440 1899 604 1987 quemad
624 1898 803 1986 theologos
817 1899 975 1987 pertinet.
993 1897 1110 1978 Unde,
1131 1897 1212 1962 licet
1231 1896 1308 1984 quis

177 2013 270 2078 dicat
287 2013 492 2101 praedictum·
504 2012 630 2078 lactum
645 2035 713 2077 non
726 2013 834 2078 videri
849 2021 939 2077 certo
959 2015 1241 2094 demonstratum,
1259 2018 1308 2076 at-

177 2137 305 2210 tamen,
321 2133 459 2215 propter
477 2127 712 2192 auctoritatem
732 2135 783 2192 tot
798 2135 1037 2215 tantorumque
1052 2127 1215 2207 virorum,
1233 2125 1307 2190 Ma-

177 2239 300 2322 billon,
320 2241 492 2320 Martene,
514 2249 550 2307 et
567 2240 725 2322 aliorum,
747 2249 782 2306 et
800 2247 939 2330 propter
958 2242 1097 2306 minime
1116 2240 1307 2328 spernenda

176 2361 379 2442 argumenta
397 2355 441 2420 ab
464 2355 506 2418 iis
530 2353 653 2440 allata,
674 2355 757 2420 mihi
781 2356 891 2443 magis
914 2355 1040 2420 arridet
1062 2355 1154 2443 prior
1177 2355 1303 2442 opinio.
1418 2351 1422 2358 “

176 2469 282 2534 Juxta
294 2491 398 2556 quam
412 2468 516 2536 etiam
530 2469 726 2558 opinionem
736 2469 859 2535 melius
873 2469 1063 2557 explicatur
1078 2477 1113 2534 et
1125 2469 1307 2558 exponitur

177 2583 348 2648 institutio
364 2581 493 2650 Christi
505 2582 540 2646 in
552 2582 674 2648 ultima
688 2604 801 2663 coena3
819 2582 977 2648 Christus
992 2583 1096 2662 enim,
1106 2583 1209 2648 unico
1227 2591 1306 2648 actu

178 2719 247 2760 suae
264 2696 454 2760 voluntatis
474 2704 508 2760 et
526 2697 560 2760 vi
580 2697 701 2760 horum
720 2697 924 2764 verborum:
943 2697 1018 2762 Hoc
1036 2699 1180 2782 facite...
1202 2698 1305 2761 donec

178 2811 326 2893 ueniam,
347 2810 498 2875 instituit
515 2810 551 2874 in
574 2817 778 2898 perpetuum
797 2834 970 2876 summum
990 2811 1217 2883 sacerdotium
1236 2811 1304 2899 pri-

177 2947 320 3010 mosque
344 2923 433 2988 Novi
452 2924 662 2990 Testamenti
687 2947 839 2990 summos
862 2925 1071 3006 sacerdotes,
1094 2948 1172 2989 cum
1195 2925 1305 3014 pleni-

178 3037 295 3102 tudine
315 3037 513 3120 sacerdotii,
535 3039 794 3126 complectentis
813 3048 883 3105 tres
901 3046 1106 3128 potestates,
1128 3039 1304 3127 episcopa·

177 3151 260 3232 lem,
286 3149 556 3240 presbyteralem
581 3159 615 3218 et
639 3153 867 3236 diaconalem,
894 3161 932 3218 ut
956 3154 1211 3242 supradictum
1236 3161 1300 3218 est.

178 3263 278 3329 Initio
302 3265 440 3352 quidem
465 3266 627 3353 apostoli,
654 3267 697 3331 ad
720 3267 827 3333 instar
851 3268 994 3348 Christi,
1017 3276 1126 3332 totum
1149 3269 1302 3332 secerdo-

178 3379 281 3462 tium,
307 3401 369 3466 per
387 3380 639 3468 impositionem
658 3404 821 3448 manuum
841 3389 875 3447 et
898 3381 1075 3446 relativam
1096 3381 1299 3463 orationem,

177 3494 411 3576 contulerunt,
433 3519 466 3560 v.
489 3520 539 3583 g.‚
555 3495 661 3560 Paulo
681 3505 716 3562 et
735 3497 899 3564 Barnahae
919 3498 1028 3586 (Act,
1045 3519 1119 3579 xm,
1138 3498 1190 3586 3);
1212 3497 1303 3585 quod

177 3607 255 3673 lecit
275 3607 379 3674 etiam
404 3607 549 3690 Paulus,
571 3611 785 3677 constituens
808 3635 869 3700 per
888 3612 1040 3699 singulas
1059 3612 1216 3678 civitates
1240 3611 1302 3674 hos

176 3744 261 3810 quos
280 3729 383 3787 vocat
400 3721 502 3788 modo
521 3724 708 3810 episcopos,
728 3726 829 3790 modo
844 3727 1080 3812 presbyteros,
1102 3725 1161 3814 qui
1179 3723 1301 3813 proha-

176 3831 277 3900 bilius
285 3843 384 3900 erant
393 3835 548 3921 insigniti
557 3838 751 3903 charactere
763 3839 958 3928 episcopali.
968 3839 1178 3905 Labentibus
1187 3845 1301 3904 autem

175 3949 291 4032 annis,
313 3949 460 4037 apostoli
479 3950 535 4015 vel
559 3974 676 4016 eorum
701 3977 932 4036 successores,
954 3977 997 4018 ex
1020 3959 1227 4042 praesumpta
1246 3953 1301 4018 vel

176 4061 289 4128 forsan
309 4085 471 4149 expressa
490 4063 627 4130 licentia
647 4066 790 4151 Christi,
807 4075 1013 4155 potestatem
1032 4066 1300 4156 presbyteralem

176 4177 357 4264 separatim
376 4175 589 4262 conserunt¹,
606 4179 693 4246 sicut
707 4181 780 4269 jam
799 4183 945 4270 apostoli
963 4189 1168 4272 potestatem
1188 4181 1300 4258 diaco,-

206 4311 214 4344 ¹
232 4311 310 4372 Quod
325 4313 368 4361 hic
383 4315 455 4374 dico,
471 4315 611 4378 apostolos
627 4331 724 4380 nempe
739 4319 781 4366 vcl
797 4333 891 4368 eorum
907 4334 1086 4378 successores,
1102 4320 1218 4367 decursu
1233 4321 1301 4366 tem-
