3316 5052
454 503 496 552 DE
517 503 779 563 PRAEREQUlSlTlS
799 501 843 552 ln
862 501 1116 552 ORDINATlONEltl
1296 497 1348 552 349

309 881 310 884 Ἴ
341 800 397 864 lv.
424 800 536 866 Tui-n
561 820 615 873 our
640 820 821 874 neorrnrnr
844 819 1006 864 innurruu
1032 817 1230 864 ronrrncrru

269 1029 363 1096 144.
387 1065 432 1076 —
455 1027 614 1095 Notitiae
637 1027 810 1114 praeviae.

269 1145 303 1204 10
321 1132 383 1207 Jus
403 1163 581 1205 commune
601 1140 688 1204 circa
708 1139 848 1204 titulum
872 1161 976 1203 sacrae
997 1137 1219 1202 ordinationis
1239 1138 1348 1203 conti-

222 1261 323 1319 netur
341 1262 415 1319 tum
436 1277 525 1342 saepc
544 1255 647 1318 citato
667 1251 800 1317 concilii
820 1252 912 1317 Trid.
935 1275 1009 1339 cap.
1028 1253 1116 1316 Cum
1137 1273 1203 1316 non
1223 1252 1346 1336 deccat,

223 1369 257 1432 in
277 1391 344 1456 quo
363 1367 590 1432 instituuntur
603 1375 662 1432 aut
674 1367 789 1455 potius
808 1365 1008 1431 ordinantur
1020 1373 1090 1430 tres
1105 1365 1209 1446 tituli,
1227 1389 1348 1454 nempe

222 1483 390 1566 beneficii,
411 1482 616 1567 patrimonii
642 1487 676 1545 et
700 1481 888 1565 pensionis,
910 1487 984 1544 turn
1004 1480 1079 1566 lege
1103 1479 1161 1542 illa
1186 1479 1349 1567 antiquis-

224 1597 319 1676 sima,
342 1595 384 1660 de
403 1617 470 1683 qua
485 1594 612 1660 dictum
633 1601 700 1675 est,
723 1594 757 1658 vi
777 1593 874 1682 cujus
893 1593 1036 1682 professi
1056 1593 1243 1679 Regulares
1262 1593 1350 1657 ordi-

224 1732 302 1774 nem
334 1732 467 1774 sacrum
496 1709 664 1796 rccipiunt
688 1707 730 1772 ad
758 1708 898 1772 titulum
922 1708 1148 1793 paupertatis.
1175 1745 1219 1755 -
1245 1707 1350 1772 Extra

223 1823 286 1886 hos
301 1822 432 1904 titulos
450 1844 569 1886 omncs
589 1821 647 1886 alii
667 1829 747 1886 sunt
766 1828 884 1885 contra
899 1821 958 1908 jus
982 1843 1177 1902 commune,
1200 1821 1254 1886 cui
1272 1821 1350 1908 plus

224 1937 379 2001 minusve
399 1935 579 2022 derogant,
608 1943 641 2000 ct
660 1934 801 2022 proinde
828 1935 1006 2022 requirunt
1025 1933 1196 1999 indultum
1215 1936 1350 2022 pontifi-

225 2051 327 2115 cium.

270 2163 304 2226 2⁰
324 2162 416 2227 Inter
436 2163 497 2227 hos
516 2163 653 2244 titulos,
675 2162 807 2226 indulto
827 2161 1000 2249 pontificio
1020 2185 1212 2244 concessos,
1235 2163 1292 2227 alii
1314 2185 1350 2227 se

225 2277 376 2342 rei'crunt
401 2275 444 2340 ad
466 2276 606 2341 titulum
629 2277 855 2364 paupertatis,
877 2275 935 2340 alii
959 2275 1002 2340 ad
1026 2275 1163 2340 titulum
1183 2276 1348 2342 beneficii.

226 2391 265 2455 ln
293 2390 404 2478 priore
424 2413 547 2477 genere
574 2397 654 2454 sunt
681 2389 732 2453 illi
756 2412 874 2454 omnes
901 2389 1005 2470 tituli,
1026 2391 1069 2454 ad
1096 2413 1182 2478 quos
1204 2390 1351 2455 ordinari

226 2511 386 2592 possunt,
415 2503 471 2568 vel
494 2503 680 2590 Regulares
704 2499 771 2568 non
791 2503 950 2590 professi,
968 2503 1024 2568 rel
1046 2503 1176 2568 alumni
1195 2511 1351 2569 votorum

227 2617 450 2705 simplicium;
474 2641 617 2706 quorum
642 2618 820 2683 titulorum
845 2625 965 2705 typum
985 2617 1073 2704 gerit
1092 2617 1212 2682 titulus
1233 2641 1352 2682 niensa

226 2731 431 2818 communis,
453 2731 512 2818 qui
531 2731 677 2795 maxime
702 2731 911 2796 assimilatur
932 2730 1031 2795 titulo
1055 2732 1283 2818 paupertatis3
1311 2731 1352 2796 de

228 2868 294 2932 quo
313 2844 503 2932 praesertim
527 2852 647 2931 agetur
667 2868 740 2932 cap.
762 2866 797 2910 x.
815 2884 858 2894 -
878 2845 917 2909 ln
937 2846 1043 2910 altero
1063 2868 1187 2931 genere
1207 2853 1287 2910 sunt
1302 2845 1353 2908 illi

228 2981 347 3023 omnes
372 2958 481 3038 tituli,
503 2958 546 3023 ad
572 2982 658 3046 quos
684 2959 833 3024 ordinari
864 2967 1008 3046 possunt
1034 2959 1148 3023 clerici
1174 2958 1352 3024 saculares

229 3095 323 3136 sacro
349 3071 538 3136 ministerio
565 3072 690 3137 addicti
714 3073 769 3136 vel
795 3072 989 3152 addicendi;
1013 3073 1041 3136 si
1065 3079 1186 3160 agatur
1209 3073 1250 3138 de
1269 3072 1353 3138 locis

230 3187 439 3268 missionum,
461 3192 495 3250 et
514 3186 549 3250 in
568 3209 692 3272 genere
719 3187 760 3252 de
784 3187 869 3252 locis
892 3187 950 3274 qui
973 3187 1202 3275 jurisdictioni
1227 3187 1354 3253 subditi
1390 3183 1401 3200 ¹

229 3305 309 3364 sunt
328 3299 362 3365 S.
382 3299 665 3386 Congregationis
684 3300 726 3365 de
740 3301 963 3388 Propaganda
979 3299 1078 3381 Fide,
1092 3301 1217 3366 eminet
1235 3303 1353 3388 prasci-

228 3435 294 3500 pue
319 3412 440 3478 titulus
464 3415 650 3496 missionis;
669 3414 698 3478 si
723 3422 844 3500 agatur
869 3413 910 3479 de
941 3413 1025 3477 locis
1049 3413 1107 3500 qui
1132 3413 1232 3479 solito
1252 3415 1352 3479 modo

229 3533 404 3612 reguntur,
422 3549 603 3591 concessus
619 3550 687 3590 non
703 3551 778 3592 raro
793 3528 959 3615 reperitur
973 3525 1094 3592 titulus
1109 3529 1237 3592 servitii
1255 3529 1354 3592 eccie-

228 3641 300 3722 siae,
322 3639 378 3704 vel
403 3640 531 3704 servitii
556 3641 718 3724 dioeccsis,
740 3641 796 3706 vel
821 3641 1158 3723 administrationis¹‚
1188 3641 1242 3704 vel
1269 3641 1354 3706 alte-

230 3753 299 3817 rius
320 3753 441 3817 similis
460 3753 710 3841 appellationis

275 3866 308 3932 3⁰
335 3865 421 3932 Cum
451 3865 502 3930 illi
522 3868 613 3932 tituli
641 3867 709 3932 sint
742 3876 836 3932 extra
865 3867 924 3954 jus
955 3889 1150 3948 commune,
1180 3891 1248 3933 non
1279 3869 1354 3933 aliis

263 4067 271 4100 ¹
289 4068 330 4116 De
350 4067 430 4116 titulo
447 4067 707 4126 administrationis,
725 4069 770 4132 qui
790 4070 863 4130 viget
882 4069 909 4116 in
927 4068 1047 4117 Ecclesia
1067 4069 1221 4128 Mcxicsna,
1237 4069 1271 4118 ci.
1287 4070 1353 4117 Acta

230 4147 255 4194 S.
271 4145 360 4202 Sedis,
379 4149 399 4194 t.
414 4161 464 4202 χιι,
485 4161 511 4208 p.
528 4151 573 4193 569
593 4161 633 4209 sq.
652 4147 734 4196 Juxta
754 4148 821 4195 Acta
840 4148 865 4194 et
881 4146 989 4194 decreta
1008 4146 1120 4196 concilii
1136 4146 1257 4210 plenarii
1276 4148 1355 4195 Ame-

233 4222 295 4271 ricae
310 4221 415 4280 latinas,
434 4239 460 4271 n.
475 4227 519 4271 582
534 4223 654 4285 (llomae,
669 4229 738 4282 1900,
755 4239 780 4286 p.
793 4229 861 4288 asi),
878 4225 922 4272 hic
937 4225 1033 4273 titulus
1053 4225 1078 4272 in
1094 4239 1145 4272 usu
1165 4228 1207 4273 cst
1226 4225 1306 4274 ctiam
1326 4225 1353 4272 in

233 4304 290 4350 tota
305 4302 430 4349 America
444 4301 536 4349 latina.
