3246 5052
337 493 390 546 57⁴
677 494 720 544 DE
740 495 868 544 finiens
888 495 1125 548 onninartords

336 637 433 724 eujus
459 637 600 724 proinde
627 637 753 702 decisio
779 660 847 701 non
874 645 927 704 est
945 639 1158 704 extendenda
1179 639 1222 704 ad
1243 642 1460 706 omissionem

335 753 421 817 ritus
440 753 542 816 dubie
557 751 752 816 essentialis.
1313 755 1318 768 '

381 869 414 932 3⁰
435 867 470 932 si
492 841 638 930 omissus
658 865 758 929 fuerit
783 866 869 930 ritus
889 867 1120 951 accidentalis,
1142 868 1295 934 defectus
1315 872 1461 958 reparari

336 989 451 1071 potest
465 981 583 1068 quovis
598 981 650 1043 die
658 999 673 1062 ,·
687 979 822 1066 quando
838 979 928 1044 enim
940 981 1017 1068 jura
1033 989 1188 1048 statuunt
1203 991 1294 1048 certa
1310 993 1461 1072 tempora

336 1119 397 1184 pro
417 1094 579 1160 faciendis
595 1092 881 1174 ordinationibuS‚
904 1095 1017 1180 agitur
1036 1095 1077 1160 de
1097 1099 1230 1184 proprie
1250 1097 1350 1162 dictis
1371 1099 1463 1162 ordi-

336 1208 548 1288 nationibus,
569 1231 638 1272 non
664 1215 776 1272 autem
810 1207 852 1272 de
880 1209 1095 1296 suppletione
1122 1209 1209 1275 ritus
1242 1212 1462 1277 accidentalis

335 1324 465 1389 omissi.

378 1439 411 1502 4⁰
431 1437 468 1504 Si
491 1437 593 1500 dubie
613 1443 746 1500 tantam
766 1437 908 1502 omissus
926 1438 1035 1522 suerit
1056 1439 1154 1513 ritus,
1179 1439 1250 1503 baec
1269 1441 1316 1504 ait
1339 1441 1375 1505 S.
1398 1440 1462 1504 Al-

333 1552 510 1640 pbonsus:
534 1577 550 1610 o
573 1550 609 1615 Si
630 1551 674 1613 ob
696 1549 808 1614 solnm
831 1551 976 1615 dnbinm
996 1553 1137 1618 iteretur
1156 1552 1239 1617 ordo
1262 1553 1326 1618 sub
1345 1556 1461 1619 eondi-

334 1667 447 1746 eione,
464 1664 520 1728 vel
539 1664 739 1728 eaeremonia
760 1664 890 1752 aliqua,
911 1666 1038 1752 poterit
1063 1666 1179 1732 iterari
1196 1669 1315 1754 quovis
1335 1670 1403 1751 die,
1425 1677 1458 1733 et

334 1779 494 1868 nquovis
518 1777 696 1865 episeopo,
722 1778 909 1867 eodemque
927 1779 983 1843 die
1006 1788 1168 1868 poterunt
1191 1783 1293 1846 simul
1317 1783 1458 1848 conferri

332 1894 468 1958 ordines
483 1899 554 1957 tam
568 1891 714 1978 majores
729 1915 832 1980 quarn
852 1894 1011 1974 minores,
1028 1893 1189 1960 adhibitis
1204 1895 1286 1960 solis
1301 1896 1459 1961 solemni·

332 2007 460 2072 tatibus
484 2005 705 2094 probabiliter
728 2008 929 2072 necessariis
953 2008 996 2072 ad
1015 2009 1199 2074 valorem¹.
1225 2037 1241 2070 n
1265 2012 1456 2076 -Revera

327 2123 404 2210 jura
423 2143 499 2208 quae
518 2127 675 2184 statuunt
689 2128 780 2185 certa
801 2127 965 2209 tempora,
987 2146 1055 2187 non
1074 2123 1259 2210 respiciunt
1280 2124 1341 2188 bos
1359 2148 1457 2190 casus

332 2233 501 2314 insolitos,
523 2233 583 2298 sed
602 2256 701 2298 veras
720 2241 754 2298 et
773 2233 949 2300 absolutas
968 2235 1211 2303 ordinationes,

375 2462 473 2531 304.
495 2501 538 2509 —
557 2463 615 2529 De
634 2463 818 2530 ministro
838 2482 909 2531 seu
927 2465 1125 2551 episeopo.
1146 2503 1190 2513 —-
1214 2466 1295 2530 Haec
1314 2465 1457 2530 dicenda

331 2578 489 2640 videntur
511 2594 518 2640 τ

377 2689 408 2752 1⁰
423 2689 459 2756 Si
479 2689 690 2777 supplendus
714 2692 758 2754 sit
778 2691 863 2756 ritus
884 2715 974 2757 mere
998 2692 1233 2772 accidentalis,
1256 2693 1311 2758 vel
1335 2694 1455 2775 etiam,

330 2803 373 2868 ob
400 2803 619 2868 omissionem
643 2804 730 2868 ritus
756 2804 857 2870 dubie
884 2805 1091 2888 essentialis,
1118 2807 1271 2871 iteranda
1298 2807 1342 2871 sit
1368 2807 1457 2873 ordi-

311 2918 422 2988 natio
443 2917 506 2981 sub
526 2917 734 2998 condicione,
753 2918 932 3000 ordinatio,
955 2921 1011 2984 vel
1030 2919 1318 3008 supplementum,
1339 2922 1455 3008 peragi

329 3039 443 3120 potest
461 3055 481 3096 a
500 3055 716 3117 quocumque
735 3033 886 3119 episcopo
901 3034 1077 3118 catholico,
1100 3035 1201 3099 etiarn
1221 3058 1289 3099 non
1305 3035 1453 3123 proprio.

328 3185 374 3195 -
392 3147 492 3210 Ratio
508 3155 560 3211 est
579 3146 670 3234 quod
688 3146 781 3232 leges
801 3171 876 3234 quae
891 3146 1016 3235 jubent
1033 3148 1263 3214 ordinationes
1276 3150 1395 3237 peragi
1413 3148 1456 3214 ab

329 3259 488 3348 episcopo
512 3260 663 3346 proprio,
686 3283 753 3323 non
778 3261 964 3348 respiciunt
986 3261 1053 3326 nisi
1072 3263 1301 3328 ordinationes
1321 3265 1456 3352 proprie

329 3373 437 3438 dictas
457 3380 491 3438 et
510 3373 695 3454 absolutas
718 3397 786 3438 non
807 3398 887 3438 vero
906 3375 972 3440 ista
992 3375 1079 3440 faeta
1100 3377 1249 3456 insolita,
1271 3377 1457 3465 dequibus

329 3510 419 3551 nunc
443 3488 591 3574 aginrus;
615 3487 670 3552 lex
690 3489 781 3552 enim
800 3511 869 3552 non
888 3490 1028 3577 respicit
1047 3491 1113 3554 nisi
1137 3515 1212 3578 quae
1231 3493 1457 3557 communiter

329 3601 525 3687 contingere
554 3603 697 3666 solent&
724 3641 768 3650 -
787 3602 884 3668 Unde
916 3603 1143 3692 Congregatio
1178 3607 1211 3670 S.
1246 3605 1358 3670 Officii
1388 3629 1455 3670 non

328 3715 434 3779 semel
454 3715 630 3803 respondit
649 3716 710 3780 has
734 3715 964 3782 ordinationes
985 3717 1048 3783 sub
1067 3717 1264 3785 condicione
1285 3719 1456 3786 iterandas

327 3829 444 3916 peragi
459 3853 594 3918 possea
614 3831 737 3917 quovis
757 3831 916 3918 episeopo
937 3832 1104 3897 catholico
1116 3833 1139 3898 ³.
1161 3873 1206 3881 -
1229 3831 1329 3912 Quod
1347 3857 1366 3898 a
1388 3833 1455 3898 for-

328 3944 406 4008 tiori
443 3943 630 4008 tenendum
668 3951 737 4025 est,
771 3944 830 4009 ubi
858 3945 981 4031 agitur,
1015 3969 1082 4010 non
1111 3946 1153 4012 de
1186 3954 1293 4030 certa,
1320 3947 1381 4013 sed
1413 3947 1456 4012 de

359 4149 367 4182 ¹
386 4147 414 4196 S.
430 4147 523 4210 Alpa„
540 4146 650 4203 lib.t'1‚
667 4153 758 4196 11.750.

358 4226 369 4259 ²
387 4225 426 4274 Cf.
444 4226 495 4274 Lb.
511 4231 539 4283 3,
556 4228 582 4279 4,
599 4229 626 4282 5,
642 4231 670 4284 6,
687 4227 714 4274 ff.
730 4226 768 4274 De
784 4225 900 4290 legibus.

358 4305 369 4338 ³
387 4303 428 4351 lta
443 4304 469 4350 in
485 4305 531 4352 cit.
546 4319 640 4361 causa,
657 4309 684 4350 17
697 4305 754 4367 jnn.
769 4311 841 4364 1000,
858 4307 925 4355 Acta
939 4305 964 4353 S.
980 4305 1069 4365 Sedis,
1087 4309 1106 4356 t.
1123 4321 1205 4364 xxxii,
1222 4323 1248 4370 p.
1265 4312 1319 4356 557.
1421 4367 1425 4375 ⁸
