3294 5054
312 547 364 602 ³94
580 549 623 602 lili
641 552 780 604 LEGIBUS
798 553 914 604 SACRAE
933 553 1170 604 oanlxnrloxls

312 695 460 761 alienum
487 695 661 761 subditum
690 719 768 761 cum
800 695 1001 762 dimissoriis
1031 697 1180 784 episcopi
1209 696 1338 786 proprii
1368 719 1437 760 non

314 819 447 874 tenetur
475 809 702 874 ordinandum
726 810 936 890 examinare,
963 809 1024 874 sed
1046 817 1134 875 stare
1157 817 1271 897 potest
1293 815 1437 876 attesta-

313 924 397 988 tioni
422 925 571 1012 episcopi
597 923 724 1012 proprii
747 925 907 990 testantis
926 947 1025 989 suum
1054 923 1228 989 subditum
1247 924 1311 989 rite
1330 923 1436 988 fuisse

311 1039 555 1120 examinatum,
573 1039 672 1126 juxta
693 1039 885 1126 supradicta
906 1039 953 1126 (n.
976 1039 1061 1126 64),
1083 1039 1131 1104 ita
1150 1039 1186 1102 iu
1204 1045 1321 1103 nostro
1339 1060 1433 1102 casu.

313 1151 352 1216 ln
376 1153 440 1216 hoc
469 1175 571 1217 sensu
595 1175 666 1217 rem
690 1152 901 1218 intellexisse
931 1153 1067 1218 videtur
1093 1153 1129 1218 S.
1157 1151 1282 1238 Congr.
1312 1152 1374 1239 Ep.
1401 1157 1437 1216 et

314 1267 400 1353 Reg.
423 1267 457 1332 in
477 1267 621 1354 epistola
641 1267 682 1332 13
698 1267 777 1355 julii
797 1268 900 1348 1730,
922 1267 964 1332 de
983 1267 1195 1332 ordinatione
1213 1265 1436 1352 Regularium

313 1381 653 1446 Camaldulcnsium:
678 1409 694 1440 α
716 1379 836 1459 Quoad
856 1404 1009 1464 examen,
1031 1381 1117 1444 illud
1139 1379 1251 1444 subire
1271 1379 1436 1444 tenebun-

314 1501 369 1559 tur
386 1495 583 1582 ordinandi,
600 1496 629 1560 si
648 1495 828 1583 episcopus
847 1497 1057 1561 dioecesanus
1076 1503 1136 1560 aut
1149 1495 1329 1582 episcopus
1348 1493 1436 1557 ordi-

314 1632 400 1674 nans
419 1610 497 1674 velit
520 1610 561 1672 de
584 1631 703 1674 eorum
721 1611 858 1674 scientia
877 1611 1001 1673 certior
1023 1609 1100 1692 fieri
1112 1612 1143 1688 ¹3
1168 1635 1184 1669 n
1209 1607 1301 1696 quod
1321 1613 1435 1694 aperte

313 1724 475 1811 supponit
492 1724 689 1810 episcopum
708 1745 777 1788 non
802 1723 910 1788 teneri
930 1722 973 1788 ad
993 1745 1135 1788 examen
1158 1721 1361 1786 laciendum.
1384 1719 1435 1784 lta

312 1837 346 1902 S.
369 1837 585 1926 Alphonsus‚
609 1837 760 1919 Piatus¹,
783 1845 817 1902 et
841 1837 941 1902 multi
959 1843 1114 1902 auctores
1133 1835 1176 1901 ab
1201 1837 1265 1900 hoc
1284 1834 1432 1922 allegati.

317 2066 324 2078 ’
358 2083 452 2152 163.
482 2123 526 2132 -
550 2084 608 2152 De
627 2083 777 2152 infelici
804 2085 998 2152 examine.
1018 2119 1063 2132 -
1089 2081 1124 2147 Si
1143 2081 1324 2168 Regularis
1347 2079 1435 2144 ordi-

311 2197 444 2261 nandus
463 2197 499 2261 in
519 2199 675 2263 examine
694 2199 840 2286 rejectus
859 2198 974 2279 fuerit,
996 2197 1068 2261 haec
1084 2197 1226 2261 dicenda
1244 2196 1403 2260 videntur
1424 2214 1432 2259 τ

358 2315 392 2375 l0
418 2311 454 2377 Si
474 2313 655 2398 Regularis
673 2313 820 2400 rejectus
839 2311 941 2377 fuerit
955 2313 999 2376 al)
1018 2313 1169 2397 episcopo
1194 2311 1393 2392 dioecesano,
1416 2329 1435 2370 a

313 2450 396 2514 quo,
418 2427 452 2490 vi
472 2427 598 2491 decreti
617 2425 841 2507 Clementini,
864 2425 1111 2490 ordinationem
1132 2422 1344 2512 postulabat,
1366 2444 1434 2486 non

311 2549 425 2628 potest
453 2565 471 2604 a
500 2541 671 2628 superiore
699 2563 760 2605 suo
790 2541 883 2605 mitti
913 2539 956 2604 ad
989 2539 1092 2604 alium
1122 2539 1335 2628 episcopum;
1366 2558 1434 2610 non

311 2662 392 2719 sunt
410 2655 512 2736 eninr,
534 2662 573 2719 ut
592 2677 694 2742 supra
713 2655 843 2720 dictum
863 2663 926 2734 est,
947 2655 1015 2719 nisi
1033 2654 1100 2719 duo
1120 2661 1180 2719 aut
1198 2659 1267 2718 tres
1286 2675 1385 2717 casus
1400 2651 1434 2714 in

309 2769 434 2857 quibus
456 2769 610 2857 superior
635 2768 810 2834 subditum
835 2792 934 2834 suum
955 2769 1125 2833 dimittere
1139 2767 1250 2856 possit
1269 2766 1312 2830 ad
1330 2765 1434 2830 alium

311 2884 525 2971 episcopum,
554 2890 677 2971 praeter
696 2883 942 2964 dioecesanum3
970 2882 1059 2946 inter
1085 2882 1147 2946 hos
1174 2887 1288 2946 autem
1316 2902 1430 2959 casce,

310 2997 405 3062 nullo
425 2997 525 3062 modo
544 3003 739 3062 recensetur
758 3019 857 3062 casus
875 2996 1020 3060 infelicis
1036 2995 1201 3060 examinis
1220 3017 1335 3060 coram
1353 2993 1434 3057 dioe·

308 3135 432 3175 cesano
452 3111 599 3199 peracti;
628 3135 707 3200 ergo
727 3111 882 3199 superior
903 3133 971 3175 non
997 3116 1111 3198 potest
1136 3108 1311 3174 subditum
1334 3129 1434 3172 suum

311 3227 346 3290 in
366 3227 521 3292 examine
548 3227 711 3314 rejectum
736 3225 907 3291 dimittere
933 3223 1197 3290 examinandum
1216 3229 1251 3288 et
1274 3223 1432 3287 ordinan-

311 3339 393 3404 dum
417 3341 459 3405 ad
483 3342 588 3406 alium
607 3341 821 3427 episcopum,
843 3339 903 3404 sed
927 3345 1061 3404 tantum
1083 3337 1140 3403 vel
1163 3345 1341 3425 expectare
1361 3334 1433 3400 leli-

310 3454 384 3518 cius
408 3477 550 3520 examen
580 3477 695 3520 coram
728 3453 847 3518 eodem
875 3453 1079 3534 dioecesano,
1109 3451 1166 3516 vel
1196 3451 1367 3538 appellare
1390 3447 1433 3514 ad

310 3567 346 3633 S.
369 3567 494 3654 Congr.
518 3569 580 3656 Ep.
603 3576 637 3633 et
656 3569 742 3654 Reg.
764 3565 816 3632 lta
836 3567 938 3632 etiam
953 3566 1080 3654 pluries
1099 3565 1134 3632 S.
1157 3563 1283 3652 Congr.
1310 3562 1432 3628 Conci-

312 3682 359 3764 lii,
395 3705 429 3748 v.
470 3707 518 3769 g.‚
559 3683 595 3746 in
633 3681 764 3746 duabus
802 3679 1047 3762 decisionibus,
1078 3679 1120 3745 23
1154 3701 1227 3766 apr.
1261 3679 1363 3758 1604,
1399 3684 1432 3741 et

243 3871 246 3876 ,
312 3797 352 3860 11
386 3797 500 3861 martii
527 3795 743 3882 l620,‹quas
776 3793 879 3859 refert
911 3793 1109 3874 Monacelli,
1144 3801 1179 3858 et
1212 3799 1290 3882 post
1320 3794 1432 3880 ipsum

309 3911 335 3975 F
338 3910 460 3975 erraris
474 3911 495 3974 ³.
638 3908 642 3922 ‘

340 4131 349 4163 ¹
373 4131 441 4180 Vide
465 4131 588 4193 epistola·
619 4133 723 4178 textum
750 4131 870 4180 italicum
902 4130 974 4192 apud
1002 4129 1126 4188 Binarri,
1156 4127 1341 4185 collectanea,
1367 4132 1429 4186 etc,

308 4211 415 4267 Romoe,
433 4214 506 4266 1885,
523 4225 548 4272 p.
563 4213 618 4257 311.

338 4287 350 4322 ²
366 4288 393 4336 S.
407 4287 500 4350 Alpa,
518 4289 565 4335 lib.
583 4287 633 4346 Vl,
649 4301 674 4335 n.
689 4293 747 4346 792;
763 4314 791 4323 —
806 4287 913 4344 Pietas,
927 4286 1131 4345 Proelectiones,
1148 4289 1210 4344 etc„
1224 4288 1245 4335 t.
1258 4301 1288 4344 ιι,
1302 4301 1330 4348 p.
1344 4289 1398 4333 297.

340 4367 349 4399 ³
367 4366 523 4416 Monecelli.
542 4365 757 4423 Formularium‚
774 4368 817 4414 tit.
833 4381 891 4421 xm,
909 4365 987 4413 torm.
1001 4369 1027 4424 1,
1042 4380 1068 4412 n.
1085 4369 1123 4420 29,
1140 4367 1160 4412 t.
1174 4379 1205 4423 ιι,
1221 4378 1248 4426 p.
1261 4367 1306 4422 823
1320 4388 1352 4400 —
1367 4362 1433 4410 Fer-
