3290 5060
282 461 327 510 DE
346 461 531 512 onolvnnlo
550 462 592 512 ΕΤ
611 461 770 513 LEGlTlllO
790 461 1028 514 ORDlNATIONlS
1046 463 1206 512 bllNlSTRO
1275 462 1308 514 95

224 604 294 672 3³.
318 642 363 652 —
391 604 578 674 Pressius
606 605 894 674 determinatur
922 605 991 692 qui
1018 606 1071 674 sit
1098 607 1309 693 episeopus

177 717 384 786 domicilii.
404 719 555 784 -Rem
578 718 763 784 declaravit
788 719 1007 784 Innocentius
1027 719 1090 783 XII
1114 719 1172 786 cit.
1194 719 1305 799 bulla,

177 833 193 916 ᾗ
217 833 254 911 5,
278 831 338 896 ubi
366 832 440 898 haeo
465 833 569 900 verba
595 833 775 922 legimus:
805 860 821 894 α
846 832 1011 900 Subditus
1037 839 1151 900 autem
1177 835 1307 900 ratione
1407 843 1414 856 '

177 945 341 1011 domicilii
371 946 414 1012 ad
445 947 603 1012 ellectum
638 947 846 1036 suscipiendi
880 947 1032 1030 ordines,
1069 947 1100 1012 is
1130 949 1307 1015 dumtaxat

176 1067 368 1142 censeatur,
391 1060 466 1148 qui,
493 1060 574 1126 licet
596 1060 677 1126 alibi
703 1068 803 1126 natus
827 1061 944 1144 luerit,
970 1061 1057 1126 illud
1082 1068 1197 1128 tamen
1222 1064 1307 1128 adeo

175 1171 345 1238 stabiliter
363 1175 579 1240 constituerit
596 1174 633 1240 in
652 1175 765 1263 aliquo
784 1175 860 1240 loco
878 1181 933 1255 ut,
951 1174 1006 1240 vel
1025 1198 1085 1263 per
1104 1175 1306 1244 decennium

175 1285 299 1352 saltem
323 1287 359 1352 in
383 1309 423 1353 eo
447 1287 648 1371 habitando,
674 1289 730 1353 vel
754 1288 919 1375 majorem
941 1311 1054 1354 rerum
1077 1312 1117 1354 ac
1139 1288 1307 1356 bonorum

175 1422 317 1466 suorum
335 1409 469 1489 partem
488 1425 566 1468 cum
585 1401 762 1470 instructis
781 1402 964 1480 aedibusjin
984 1403 1097 1468 locum
1111 1403 1308 1492 hujusmodi

175 1513 429 1596 transferendo,
465 1515 579 1605 ibique
611 1517 751 1603 insuper
787 1539 848 1603 per
885 1515 1024 1604 aliquod
1060 1516 1306 1584 considerabile

173 1633 313 1716 tempus
339 1630 598 1712 commorando,
625 1631 709 1696 satis
733 1652 902 1718 superque
928 1653 1028 1696 suum
1050 1637 1214 1719 perpetuo
1241 1631 1305 1696 ibi·

174 1741 254 1806 dem
277 1744 500 1832 permanendi
523 1744 676 1810 animum
700 1744 1000 1824 demonstraverit,
1022 1751 1057 1808 et
1084 1743 1306 1810 nihilominus

173 1855 319 1922 ulterius
337 1863 482 1946 utroque
498 1881 580 1923 casu
594 1881 631 1924 se
646 1881 725 1924 vere
740 1866 775 1924 et
789 1857 926 1924 realiter
944 1858 1095 1924 animum
1108 1858 1305 1946 hujusmodi

172 1967 299 2034 hebere
314 1971 537 2058 jurejurando
558 1971 735 2038 affirmet¹.
754 2001 770 2034 n
792 1972 916 2038 Unde:

220 2087 255 2148 1⁰
280 2085 491 2173 Requiritur,
520 2109 563 2152 ex
588 2092 685 2174 parte
712 2085 907 2166 ordinandi,
933 2087 1144 2152 domicilium
1162 2090 1304 2173 proprie

172 2197 306 2263 dictum
325 2199 361 2263 in
380 2199 535 2282 dimersi,
556 2201 604 2266 ita
622 2207 662 2267 ut
685 2223 754 2266 non
778 2200 927 2266 sufficiat
950 2199 1096 2288 simplex
1118 2199 1301 2279 habitatio,

173 2333 238 2376 nec
257 2313 595 2400 quasi-domicilium.
617 2315 839 2380 Domicilium
857 2319 972 2380 autem
991 2321 1044 2380 est
1065 2314 1156 2395 locus
1178 2316 1213 2380 in
1234 2337 1304 2401 quo

172 2427 253 2512 quis
283 2427 416 2492 habitat
443 2451 521 2492 eum
549 2429 663 2494 animo
689 2429 902 2514 sufficienter
928 2429 1146 2524 manifestato
1178 2429 1303 2494 ibidem

167 2550 336 2625 perpetuo
370 2543 545 2626 manendi,
577 2543 642 2608 nisi
674 2544 760 2628 quid
792 2551 915 2608 avocet.
946 2541 1013 2607 Per
1043 2542 1143 2606 illum
1173 2542 1300 2625 locum,

172 2653 378 2740 intelligitur
396 2657 562 2741 parocbia
580 2656 638 2720 vel
660 2657 798 2739 civitaa;
816 2657 907 2722 unde
931 2679 1001 2720 non
1024 2655 1150 2720 sufficit
1168 2662 1207 2720 ut
1226 2658 1304 2743 quis

142 2827 145 2834 ,
171 2767 297 2834 habeat
315 2769 474 2856 generale
488 2769 702 2858 propositum
721 2793 896 2858 nunquam
916 2769 1113 2835 discedendi
1131 2791 1151 2833 a
1166 2769 1302 2836 dioecesi

171 2882 208 2948 in
227 2905 296 2972 qua
314 2907 406 2950 nunc
424 2884 571 2965 habitat,
594 2883 654 2950 sed
672 2884 858 2972 requiritur
876 2884 1015 2971 insuper
1032 2889 1071 2948 ut
1090 2883 1305 2948 constituerit

172 3019 272 3062 suam
292 2996 539 3064 habitationem
559 2999 594 3064 in
610 2998 726 3084 aliquo
736 3020 846 3083 papo,
863 2997 915 3061 vel
930 2997 1068 3083 oppido,
1088 2996 1139 3060 vel
1153 2997 1299 3074 civitate,

173 3111 209 3174 in
224 3133 293 3198 quo
308 3112 374 3176 eibi
384 3113 601 3198 propositum
617 3112 738 3176 habeat
749 3087 915 3197 perpetuo
931 3133 1078 3177 manere.
1305 3185 1311 3203 .

218 3224 254 3288 2⁰
267 3225 412 3308 Verum,
439 3225 580 3292 relative
605 3225 648 3291 ad
671 3224 883 3313 recipiendos
908 3225 1060 3305 ordines,
1087 3247 1156 3288 non
1179 3223 1305 3288 sufficit

172 3339 387 3406 domicilium
416 3339 640 3423 ordinarium,
668 3340 768 3430 quale
797 3339 922 3418 sufficit
954 3339 997 3404 ad
1031 3345 1143 3403 cetera
1171 3337 1300 3416 omnia,

172 3479 207 3519 v.
225 3479 275 3542 g.‚
297 3455 524 3537 matrimonia,
542 3454 688 3542 judicia,
710 3461 789 3534 etc.;
812 3455 874 3520 sed
891 3453 1075 3542 requiritur
1094 3451 1303 3516 domicilium

173 3569 429 3656 qualificatum,
451 3567 493 3632 iis
512 3590 635 3656 nempe
654 3567 826 3633 munitum
845 3566 982 3632 dotibus
1006 3573 1040 3632 et
1060 3563 1300 3654 qualitatibus,
1396 3615 1399 3620 .

173 3705 261 3770 quas
275 3681 417 3770 requirit
432 3680 664 3764 InnocentiuS,
681 3682 739 3748 cit.
752 3688 862 3762 textu,
879 3681 923 3745 ad
937 3679 1139 3750 avertendas
1152 3678 1299 3744 fraudes.

173 3835 218 3846 -
232 3797 307 3861 Hoc
327 3802 442 3862 autem
461 3801 592 3862 attento
612 3801 723 3877 textu,
741 3795 868 3881 duplex
882 3803 931 3860 eet
946 3795 1066 3860 modus
1080 3792 1304 3859 contrahendi

173 3911 387 3976 domicilium
406 3909 643 3998 qualificatum
662 3909 804 3976 relative
824 3907 868 3973 ad
886 3907 1049 3975 ordines:

217 4025 262 4091 A.
288 4024 395 4089 Prior
419 4023 539 4089 modus
562 4023 786 4090 contrahendi
811 4022 1023 4088 domicilium
1046 4021 1299 4108 qualificatum,

173 4139 217 4204 ed
235 4140 384 4205 ordines.
404 4175 448 4190 -
467 4137 703 4220 Domicilium,
728 4137 771 4202 ad
790 4136 942 4219 ordines,
965 4135 1175 4202 contrahitur
1193 4133 1302 4222 primo

203 4277 211 4312 ¹
227 4276 302 4327 Bult.
319 4275 408 4334 Rom„
425 4277 444 4325 t.
461 4289 499 4334 rx,
516 4290 543 4338 p.
557 4277 612 4324 374.
