3248 5052
643 467 846 518 DOCUllEN'l'A
1254 463 1305 516 647

183 604 306 686 defectu
323 607 509 688 conjunctus
524 615 571 667 est
585 607 726 689 desectus
743 607 938 686 intentionis,
954 629 1047 690 quam
1063 628 1151 688 aeque
1167 627 1306 666 necessa-

184 703 229 761 rio
242 701 392 782 postulat,
405 711 440 762 ut
452 704 502 776 sit,
516 713 755 765 sacramentum.
769 706 815 764 De
826 711 930 764 mente
943 705 990 763 vel
1002 704 1185 776 intentione,
1196 710 1306 782 utpote

182 820 252 879 quae
273 820 328 878 per
347 820 379 858 se
399 799 548 880 quiddam
566 808 613 860 est
632 801 777 874 interius,
796 801 933 861 Ecclesia
954 821 1015 859 non
1028 801 1167 880 judicat,
1184 807 1216 858 at
1231 819 1306 878 qua·

184 902 274 954 tenus
290 902 376 954 extra
392 896 547 974 proditur,
561 896 702 977 judicare
713 897 750 956 de
766 918 803 957 eo
819 897 921 957 debet.
935 897 1004 956 lam
1016 917 1172 956 varocum
1184 895 1253 976 quis
1268 894 1306 954 ad

182 999 411 1052 sacramentum
423 993 650 1052 conficiendum
662 1001 693 1053 et
702 993 925 1053 conserendum
940 993 1100 1052 materiam
1111 991 1307 1070 formamque

183 1087 320 1146 debitam
332 1089 412 1148 serio
427 1109 462 1148 ac
472 1089 531 1148 rite
545 1089 700 1164 adhibuit,
713 1111 750 1149 eo
762 1091 829 1170 ipso
843 1097 988 1150 censetur
1001 1089 1031 1149 id
1046 1089 1191 1147 nimirum
1207 1088 1307 1146 lacere

183 1183 352 1242 intendisse
383 1184 469 1264 quod
501 1185 575 1245 lacit
604 1187 751 1246 Ecclesia.
780 1186 848 1253 Quo
880 1207 952 1244 sane
980 1185 1132 1265 principio
1164 1183 1309 1242 innititur

182 1279 324 1340 doctrina
340 1301 409 1360 quae
427 1288 511 1340 tenet
527 1303 593 1341 esse
608 1303 680 1341 vere
696 1289 925 1342 sacramentum
942 1281 990 1340 vel
1008 1281 1101 1354 illud,
1119 1279 1202 1360 quod
1219 1279 1308 1338 mini-

182 1376 278 1436 sterio
293 1376 428 1436 hominis
444 1377 582 1437 haeretici
599 1385 730 1438 autnon
751 1379 914 1458 baptizati,
932 1376 1103 1437 dummodo
1119 1377 1181 1436 ritu
1199 1375 1308 1435 catho-

182 1472 254 1543 lice,
270 1472 460 1533 conseratur.
473 1473 603 1548 Contra,
614 1475 638 1533 si
649 1475 727 1534 ritus
741 1474 935 1548 immutetur,
949 1495 986 1534 eo
1000 1474 1165 1532 manifesto
1179 1471 1308 1532 consilio

183 1575 218 1628 ut
233 1569 311 1628 alius
325 1569 493 1629 inducatur
508 1570 547 1629 ab
563 1571 700 1630 Ecclesia
716 1593 779 1630 non
799 1578 959 1651 receptus,
976 1577 1073 1650 utque
1089 1569 1119 1628 id
1139 1567 1309 1648 repellatur

182 1664 266 1744 quod
287 1665 361 1724 lacit
378 1665 515 1725 Ecclesia
535 1674 565 1726 et
585 1667 668 1748 quod
691 1689 729 1726 ex
751 1667 946 1726 institutione
966 1666 1081 1728 Christi
1105 1665 1142 1724 ad
1166 1671 1308 1724 naturam

182 1761 295 1821 attinet
310 1763 507 1836 sacramenti,
520 1770 595 1822 tune
608 1764 710 1843 palam
724 1771 786 1836 est,
799 1784 860 1822 non
875 1764 974 1822 solum
990 1761 1193 1822 necessariam
1210 1781 1310 1819 sacra-

182 1864 290 1917 mento
310 1857 516 1917 intentionem
533 1859 655 1932 deesse,
673 1860 726 1919 sed
747 1860 952 1919 intentionem
973 1859 1067 1918 immo
1087 1857 1193 1922 haberi
1210 1877 1311 1916 sacra-

183 1963 289 2012 mento
305 1954 467 2013 adversam
485 1963 515 2014 et
531 1964 768 2034 repugnantem.

223 2049 336 2109 lsthaec
356 2051 460 2110 omnia
477 2051 530 2109 diu
552 2051 747 2132 multumque
769 2051 983 2131 reputavimus
1004 2049 1087 2128 apud
1104 2050 1168 2108 Nos
1188 2056 1219 2106 et
1239 2068 1309 2106 cum

183 2145 414 2205 venerabilibus
436 2147 586 2206 tratribus
608 2149 723 2207 nostris
743 2148 774 2206 in
797 2147 953 2228 Suprema
971 2146 1149 2227 judicibus;
1176 2165 1308 2225 quorum

182 2241 277 2300 etiam
292 2249 409 2301 coetum
425 2242 625 2322 singulariter
640 2265 744 2303 coram
762 2243 860 2302 Nobis
876 2243 1028 2302 advocare
1043 2241 1161 2321 placuit
1178 2241 1253 2300 seria
1270 2240 1308 2312 V,

182 2337 233 2396 die
248 2359 296 2396 xv1
308 2337 378 2418 julii
394 2339 544 2418 proximi,
562 2340 594 2398 in
610 2341 905 2399 commemoratione
922 2339 1029 2398 Mariae
1045 2339 1085 2398 D.
1103 2338 1141 2397 N.
1160 2334 1311 2396 Carmeli-

183 2433 266 2493 tidis.
285 2433 370 2514 lique
390 2435 427 2494 ad
445 2457 540 2494 unum
562 2457 746 2495 consensere
760 2436 952 2515 propositam
968 2455 1094 2494 causam
1107 2434 1172 2514 jam
1188 2431 1309 2512 pridem

182 2529 222 2589 ab
237 2531 408 2608 apostolica
426 2531 505 2590 Sede
526 2532 615 2612 plene
637 2533 731 2591 luisse
752 2539 783 2591 et
806 2532 963 2610 cognitam
983 2539 1014 2590 et
1031 2530 1220 2610 judicatam;
1242 2528 1311 2608 ejus

182 2633 287 2686 autem
311 2626 413 2686 denuo
437 2627 579 2687 instituta
604 2635 735 2708 actaque
757 2628 945 2709 quaestione,
972 2626 1134 2686 emersisse
1158 2624 1309 2684 illustrius

182 2729 300 2803 quanto
316 2721 368 2782 illa
380 2723 509 2802 justitiae
526 2725 749 2806 sapientiaeque
763 2724 900 2804 pondere
916 2731 1013 2783 totam
1030 2743 1095 2780 rem
1112 2721 1307 2781 absolvisset.

182 2819 405 2878 Verumtamen
432 2820 586 2899 optimum
613 2821 699 2880 sactu
724 2821 870 2880 duximus
899 2818 1102 2899 supersedere
1128 2817 1307 2889 sententiae,

182 2935 245 2994 quo
267 2921 299 2973 et
318 2915 427 2974 melius
449 2915 714 2995 perpenderemus
737 2917 959 2976 convenirctne
982 2914 1204 2995 expediretque
1227 2933 1308 2971 eam-

182 3011 252 3069 dem
282 3031 347 3069 rem
374 3011 559 3070 auctoritate
590 3013 704 3072 Nostra
737 3034 844 3072 rursus
873 3011 1041 3084 declarari,
1071 3019 1103 3070 et
1131 3009 1307 3068 uberiorem

182 3105 280 3164 divini
296 3106 421 3166 luminis
437 3107 557 3186 copiam
574 3108 730 3187 supplices
746 3109 996 3188 imploraremus,
1014 3107 1092 3165 Tum
1108 3105 1308 3164 consideran·

183 3202 266 3262 tibus
282 3202 395 3278 Nobis,
413 3210 447 3262 ut
462 3203 543 3262 idem
560 3211 653 3283 caput
673 3204 862 3283 disciplina,
879 3204 936 3263 etsi
953 3203 1024 3284 jure
1042 3203 1106 3283 jam
1128 3201 1306 3270 definitum,

182 3319 198 3358 a
233 3298 419 3380 quibusdam
456 3307 637 3358 revocatum
674 3301 714 3359 sit
747 3301 779 3358 in
810 3300 1074 3370 controversiam,
1110 3317 1307 3378 quacumque

182 3395 308 3454 demum
328 3415 420 3454 eausa
440 3395 480 3454 sit
499 3404 700 3468 revocatum3
726 3418 763 3455 ex
784 3417 883 3476 eoque
905 3416 1038 3475 pronum
1059 3395 1125 3454 lore
1149 3399 1183 3452 ut
1205 3393 1308 3472 perni-

182 3491 284 3550 ciosus
314 3511 400 3550 error
429 3491 574 3569 gignatur
603 3513 666 3551 non
695 3492 802 3571 paucis
831 3491 884 3572 qui
914 3499 1027 3572 putant
1058 3511 1089 3549 se
1118 3489 1160 3547 ibi
1190 3487 1308 3547 ordinis

182 3593 412 3646 sacramentum
428 3594 458 3645 et
474 3586 595 3646 fructus
608 3588 745 3666 reperire
764 3587 817 3647 ubi
835 3587 961 3646 minime
982 3593 1071 3660 sunt,
1088 3585 1189 3643 visum
1209 3590 1256 3642 est
1277 3583 1307 3640 in

183 3681 320 3742 Domino
333 3682 518 3741 sententiam
536 3684 682 3743 Nostram
698 3683 829 3743 edicere.

224 3779 332 3858 ltaque
364 3777 508 3836 omnibus
539 3780 723 3858 pontificum
753 3779 954 3838 decessorum
981 3777 1013 3836 in
1040 3777 1097 3837 hac
1124 3778 1189 3856 ipsa
1216 3795 1307 3835 causa

183 3873 315 3933 decretis
347 3894 571 3955 usquequaque
602 3875 826 3950 assentientes,
857 3895 955 3955 eaque
987 3874 1165 3954 plenissime
1196 3872 1308 3931 confir·

183 3977 304 4030 mantes
323 3989 359 4028 ae
378 3969 475 4029 veluti
496 3980 683 4031 renovantes
699 3972 885 4031 auctoritate
903 3971 1033 4042 Nostra,
1054 3977 1142 4029 motu
1163 3967 1306 4049 proprie,

183 4074 267 4126 certa
294 4065 437 4139 scientia,
464 4068 704 4145 pronuntiamus
731 4075 762 4126 et
785 4067 979 4127 declaramus
1007 4066 1220 4126 ordinationes
1246 4063 1307 4121 ritu

183 4161 347 4240 anglicano
363 4169 462 4234 actas,
479 4163 581 4222 irritas
596 4185 724 4243 prorsus
738 4163 833 4222 luisse
848 4171 878 4222 et
894 4185 972 4236 esse,
988 4163 1179 4242 omninoque
1196 4159 1306 4219 nullas.

227 4258 295 4318 Hoc
315 4266 411 4317 restat
432 4265 466 4317 ut
486 4279 548 4339 quo
568 4260 696 4338 ingressi
714 4281 820 4319 sumus
841 4258 981 4319 Pastoris
1003 4256 1111 4341 maqni
1135 4257 1259 4316 nomine
1279 4265 1310 4315 et
