3246 5052
328 395 380 447 5:50
668 405 710 454 DE
732 405 858 454 lll‘l'lBUS
878 403 1114 456 ORDlNATlONlS

326 553 480 611 truncam
504 555 539 612 et
561 549 664 612 etiam
683 549 797 636 aliqua
821 573 863 614 ex
887 555 981 636 parte
1004 547 1143 626 falsam,
1166 548 1226 612 sed
1249 570 1319 611 non
1339 549 1453 614 minus

326 683 444 726 verum
464 667 516 726 est
536 662 709 728 decretum
729 661 914 728 Clementis
933 663 1028 726 nullo
1052 661 1153 726 modo
1177 661 1241 726 uiti
1264 663 1326 727 hac
1346 687 1453 750 expo-

325 777 464 854 sitione,
491 775 576 841 bene
602 801 681 842 vero
715 780 916 862 inspectione
945 778 1049 862 ipsius
1074 777 1238 841 ordinalia
1264 778 1449 862 anplicani,

324 891 424 978 quale
451 897 532 955 tunc
565 892 728 978 temporis
762 890 996 958 adhibebatur.
1028 930 1071 939 -
1102 889 1241 956 Certum
1272 891 1362 956 enim
1396 901 1450 957 est

323 1005 497 1092 exemplar
516 1005 680 1070 ordinalia
703 1007 876 1092 suplicani
900 1007 1042 1070 missum
1066 1005 1182 1074 luisse.
1206 1027 1261 1070 an.
1286 1005 1383 1076 4685.
1406 1007 1449 1071 ad

323 1118 358 1184 S.
381 1118 540 1184 Officium
559 1144 578 1184 a
599 1121 640 1184 D.
656 1121 789 1199 Tanari,
807 1121 867 1210 qui
881 1128 963 1185 tunc
977 1128 1050 1185 erat
1064 1120 1293 1185 internuntius
1309 1121 1449 1185 Bruxel-

321 1233 380 1309 lis;
403 1235 493 1320 quod
513 1235 686 1322 excorplar
705 1235 815 1300 adbuc
834 1243 928 1301 extat
947 1235 980 1298 in
1001 1235 1138 1300 archivo
1158 1235 1193 1299 S.
1217 1232 1337 1314 Officii,
1360 1235 1448 1300 inter

321 1347 407 1411 Acta
428 1371 483 1414 an.
507 1349 624 1414 l'llll'.
649 1349 733 1429 lmo,
755 1350 937 1415 cardinalis
954 1349 1139 1428 Casanata,
1161 1349 1220 1436 qui
1238 1350 1364 1436 recepit
1382 1349 1448 1414 hoo

320 1464 486 1527 ordinalia
514 1463 699 1552 exemplar.
729 1473 768 1529 ut
797 1465 922 1530 rectius
953 1463 1038 1528 illud
1071 1463 1292 1550 interpretari
1315 1472 1443 1551 posset,

315 1576 420 1662 jussit
452 1577 525 1642 fieri
552 1578 676 1644 latinas
704 1579 947 1644 translationes
978 1579 1162 1642 formarum
1198 1577 1240 1643 ab
1271 1579 1443 1658 Armenia

320 1691 511 1772 Maronitis,
530 1693 636 1778 Syris,
656 1693 822 1758 Jacobitis
841 1701 876 1758 et
890 1693 1100 1758 Nestorianis
1119 1691 1378 1758 adbibstarum'.
1399 1731 1445 1742 --

318 1804 415 1870 Unde
439 1807 612 1872 decretum
632 1807 837 1886 Clementia,
860 1831 914 1874 an.
944 1808 1046 1880 4704,
1069 1807 1200 1882 nititur,
1222 1829 1290 1870 non
1309 1807 1444 1893 exposi-

319 1919 409 1984 tione
429 1920 658 1996 Gordoniana,
674 1922 735 1987 sed
752 1923 965 2010 inspectione
985 1922 1150 1986 ordinalia
1169 1921 1351 2007 anglicani,
1366 1943 1443 1984 oum

318 2033 498 2098 ritualibus
527 2035 748 2101 orientalibus
777 2037 909 2112 collati;
937 2045 971 2101 et
1000 2035 1074 2100 ideo
1104 2036 1226 2100 ilerum
1254 2036 1443 2122 iterumque

317 2147 464 2212 allirmat
489 2149 600 2214 dictus
628 2149 720 2214 card.
753 2149 934 2231 Casanata,
965 2150 1090 2214 relator
1120 2172 1231 2214 causae
1258 2172 1314 2214 an.
1343 2149 1440 2223 ⁴685,

317 2263 566 2327 successionem
590 2265 825 2352 episcoporum
850 2266 884 2330 in
905 2265 1032 2350 Anglia
1051 2264 1215 2328 defecisse
1231 2273 1374 2348 propter
1393 2265 1442 2326 in-

316 2386 561 2468 sufficientiam
588 2391 782 2470 formarum
818 2388 860 2451 ab
892 2387 1080 2472 anglicanis
1111 2387 1146 2450 in
1173 2385 1442 2450 ordinationibus

317 2497 544 2564 adhibitorum
554 2501 577 2564 ³.

361 2613 393 2678 3.
417 2611 537 2690 Quoad
557 2617 770 2679 omissionem
790 2617 983 2680 traditionis
1003 2617 1326 2696 instrumentorum,
1349 2613 1391 2678 de
1405 2637 1444 2678 ea

316 2725 454 2814 quidem
486 2729 599 2814 agitur
627 2729 811 2816 aliquando
840 2730 875 2792 in
903 2729 1036 2794 duabus
1064 2729 1175 2793 causis
1206 2751 1260 2792 an.
1297 2727 1382 2793 1685
1409 2735 1443 2792 et

284 2848 287 2852 '
318 2842 419 2918 17043
443 2842 502 2906 scd
522 2851 652 2928 certum
666 2851 719 2908 est
735 2843 821 2908 hanc
841 2867 907 2908 non
923 2866 998 2907 esse
1017 2865 1166 2922 causam,
1184 2841 1307 2907 saltem
1327 2842 1443 2928 praeci-

316 2979 419 3042 puam
443 2963 477 3020 et
501 2957 731 3044 potissimam,
752 2957 963 3042 decisionum
982 2955 1034 3020 his
1062 2958 1096 3020 in
1120 2957 1231 3021 causis
1253 2954 1441 3026 editarum:

316 3089 419 3134 nam:
444 3069 474 3134 l.
497 3071 591 3135 Tunc
616 3072 795 3158 temporis,
818 3094 940 3158 nempe
961 3094 1016 3135 an.
1037 3071 1139 3148 1685,
1161 3077 1196 3134 et
1218 3076 1353 3157 postea,
1375 3092 1443 3133 non

317 3185 463 3271 amplius
483 3184 682 3266 habebatur,
705 3187 823 3250 Romae
843 3195 901 3250 aut
921 3185 1019 3265 alibi,
1043 3186 1182 3249 traditio
1203 3187 1444 3248 instrumento·

318 3323 396 3362 rum
422 3307 461 3363 ut
480 3300 565 3363 ritus
589 3309 679 3363 certo
699 3302 882 3364 assentiatts
907 3300 1176 3373 ordinationum,
1198 3298 1259 3362 sed
1282 3298 1327 3362 ad
1350 3321 1444 3362 sum·

317 3436 411 3476 mum
430 3421 469 3477 ut
489 3414 574 3478 ritus
594 3415 695 3478 dubie
715 3416 919 3496 assentiat&
934 3415 1006 3500 jam
1026 3414 1117 3478 enim
1137 3411 1327 3500 apluribus
1345 3411 1444 3476 annis

318 3528 391 3612 (an.
412 3527 518 3614 1655)
542 3528 696 3592 Morinus
720 3551 818 3592 suum
844 3529 1019 3614 egregium
1043 3551 1129 3614 opus
1154 3529 1202 3590 De
1225 3527 1330 3591 sacris
1352 3527 1444 3590 ordi-

318 3641 511 3705 nationibus
537 3643 700 3716 edidcrat,
732 3643 765 3706 in
800 3667 867 3730 quo
894 3643 1044 3707 ostendit
1073 3641 1290 3707 traditionem
1318 3641 1445 3704 instru-

347 3896 354 3928 ¹
374 3896 491 3944 Primam
507 3897 631 3958 paginam
648 3898 727 3959 hujus
745 3895 884 3946 Ordinatr'a
904 3912 956 3958 opo
976 3898 1183 3960 photographiro
1203 3897 1313 3946 exhibet
1330 3895 1442 3946 Blandi.

316 3990 341 4036 p.
358 3981 416 4032 25n;
432 3975 467 4023 cl.
484 3990 510 4036 p.
527 3980 654 4024 lsi-lat.

345 4061 356 4092 ²
375 4061 411 4109 Ut
430 4062 488 4124 ipse
508 4063 604 4109 asserit
624 4063 717 4110 iosus
736 4061 888 4118 Relatione,
913 4061 1025 4116 Brandi.
1043 4078 1068 4124 p.
1088 4068 1146 4120 arm
1169 4077 1230 4124 qua*
1251 4063 1443 4111 translationes

315 4139 402 4188 adhuc
417 4142 511 4188 extant
523 4141 549 4188 in
565 4141 675 4188 archivo
690 4141 716 4188 S.
732 4140 833 4195 officii,
849 4141 921 4188 inter
933 4143 1001 4190 Acta
1015 4155 1058 4188 an.
1075 4144 1148 4192 ltol:
1167 4139 1242 4196 inid,
1259 4156 1285 4203 p.
1303 4146 1357 4190 lat.

346 4221 356 4252 ³
374 4218 486 4278 Blandi,
503 4233 529 4281 p.
546 4225 604 4275 aas,
621 4225 674 4266 am.
