3294 5054
315 425 368 478 122
583 428 627 478 DE
647 427 784 478 LEGIBUS
804 428 918 478 SACRAE
937 427 1174 478 onninamente

360 571 395 638 3⁰
414 569 512 650 Item,
536 577 572 636 ut
591 571 703 636 valeat
723 570 786 636 hoc
801 571 1035 658 privilequm,
1056 571 1241 657 requiritur
1259 575 1297 632 ut
1316 569 1441 632 directe

316 695 348 749 et
363 685 565 748 nominatim
583 707 785 750 concessum
805 685 905 750 luerit
924 686 985 750 tali
1004 685 1178 763 instituto,
1202 684 1248 748 ita
1266 691 1306 748 ut
1324 683 1386 747 hac
1405 683 1441 746 in

318 822 353 864 re
386 821 453 862 non
483 798 589 884 prosit
617 799 879 863 communicatio
910 799 1178 886 privilegiorum.
1211 797 1263 861 Ita
1290 796 1442 860 decisum

318 919 370 977 est
402 935 421 976 a
459 912 643 976 Benedicto
678 911 774 992 XIV,
804 913 838 976 in
868 911 961 976 bulla
996 913 1152 997 Impositi
1185 911 1309 990 Nobis,
1344 914 1360 993 g
1400 908 1441 973 13

320 1025 446 1113 (supra,
470 1047 503 1090 n.
528 1024 642 1111 160),
664 1048 724 1112 pro
739 1023 925 1090 Ordinibus
944 1024 1173 1110 regularibus,
1195 1030 1229 1088 et
1248 1021 1402 1111 proinde,
1422 1045 1441 1084 a

318 1139 464 1218 fortiori,
495 1161 555 1224 pro
584 1139 751 1203 institutis
780 1145 937 1203 votorum
971 1139 1187 1226 simplicium.
1219 1137 1333 1212 Unde,
1364 1137 1443 1200 licet

319 1251 537 1338 congregatio
553 1251 742 1332 'Salesiana,
765 1251 806 1316 de
825 1274 892 1339 qua
912 1251 1027 1316 statim
1046 1251 1176 1315 dietum
1195 1257 1263 1328 est,
1285 1249 1328 1312 ad
1349 1271 1442 1313 coni-

320 1365 582 1430 municationem
609 1365 865 1450 privilegiorum
894 1387 971 1429 cum
999 1365 1261 1450 congregatione
1290 1363 1349 1428 SS.
1378 1362 1443 1426 Re-

319 1477 506 1566 demptor-is
533 1501 553 1542 a
577 1477 690 1542 Leone
719 1477 799 1542 XIII
827 1501 882 1542 an.
911 1477 996 1544 1881
1026 1477 1174 1542 admissa
1201 1477 1319 1554 fuerit,
1341 1475 1444 1562 hujus

305 1591 635 1686 'communicationis
656 1592 717 1655 hac
737 1591 771 1654 in
791 1615 826 1654 re
847 1615 914 1656 non
940 1591 1003 1656 fuit
1026 1590 1142 1656 habita
1167 1591 1270 1670 ratic,
1297 1591 1331 1653 in
1350 1588 1443 1653 deci-

320 1707 415 1770 sione
435 1705 470 1770 S.
493 1703 619 1792 Congr.
648 1705 709 1791 Ep.
732 1713 766 1770 et
792 1705 890 1792 lleg„
914 1728 970 1772 an.
993 1705 1096 1784 1899,
1119 1705 1152 1769 111
1173 1705 1230 1769 cit.
1258 1703 1440 1768 Taurinen.

353 2041 423 2113 §2-
445 2012 843 2110 Devarlls'adlunctts
867 2038 1120 2096 ordinationis
1146 2037 1413 2109 rellqlosorum

664 2139 837 2193 votorum
857 2135 1101 2206 simplicium.

370 2354 407 2418 ln
439 2353 502 2418 hoc
533 2353 732 2442 exponendo
766 2353 991 2441 paragrapho,
1028 2376 1151 2440 sequor
1175 2353 1328 2417 ordinem
1363 2375 1446 2416 ana-

323 2467 392 2553 logi
425 2467 627 2554 paragraphi
648 2465 760 2554 quoad
785 2465 1005 2552 llegularium
1031 2467 1278 2531 ordInationem
1307 2465 1444 2553 (supra,

324 2580 556 2668 n.162sq.).

373 2835 467 2903 184.
503 2873 547 2884 -
574 2837 750 2903 Examen
778 2836 931 2904 alumni
966 2834 1193 2902 ordinandi·
1226 2873 1270 2882 ——
1301 2835 1351 2898 De
1386 2835 1449 2899 hoc

327 2950 481 3014 examine
501 2950 571 3012 haec
591 2947 759 3014 dicenda:

375 3066 406 3125 1⁰
426 3063 462 3128 Si
491 3063 687 3127 institutum
710 3064 786 3150 jure
815 3085 883 3127 non
911 3063 1064 3150 potiatur
1087 3062 1295 3127 concedendi
1319 3061 1451 3128 litteras

328 3176 571 3240 dimissoriales
598 3176 743 3242 subditis
771 3177 859 3258 suia,
890 3177 1058 3241 ordinatio
1088 3177 1209 3240 horum
1237 3175 1450 3242 subditorum

329 3290 467 3354 omnino
496 3291 625 3376 regitur
648 3291 725 3377 jure
753 3291 925 3354 communi
957 3289 1070 3378 quoad
1104 3291 1284 3355 saeculares
1312 3289 1453 3355 clericos

330 3403 548 3468 ordinandos,
570 3404 667 3470 Unde
683 3405 742 3490 jus
760 3403 905 3469 faciendi
924 3426 1067 3468 examen
1087 3403 1238 3491 pertinet
1256 3403 1299 3467 ad
1324 3405 1455 3490 episco-

331 3539 413 3603 pum
436 3517 610 3604 proprium
629 3518 758 3582 ratione
782 3518 939 3606 originis,
965 3518 1021 3581 vel
1038 3516 1223 3582 beneticii¹.
1250 3516 1318 3595 Qui
1340 3526 1454 3582 tamen

333 3629 510 3716 episeopus
530 3653 624 3711 cum,
647 3638 805 3718 utsupra
827 3632 874 3718 (n.
899 3631 994 3718 117)
1018 3629 1149 3695 dictum
1172 3637 1241 3711 est,
1263 3629 1456 3695 liberrimus

334 3743 379 3808 sit
402 3743 512 3831 quoad
537 3752 668 3829 tempus
692 3751 725 3809 et
746 3746 885 3809 modum
907 3744 1090 3825 examinis,
1113 3753 1146 3808 et
1166 3744 1278 3832 quoad
1301 3745 1458 3829 designa-

336 3859 459 3922 tionem
478 3859 763 3942 eaeaminatorum,
782 3859 993 3924 committere
1013 3865 1132 3946 potest·
1146 3881 1264 3922 omues
1284 3857 1458 3922 examina-

368 4077 376 4110 ¹
396 4077 499 4126 01111110
514 4079 671 4139 episcopum
686 4076 831 4135 domiciliI,
847 4079 910 4140 quia
925 4078 1049 4126 alumnus
1064 4077 1237 4127 ordinandus.
1252 4081 1317 4125 voto
1332 4077 1462 4125 obedien·

337 4157 382 4205 tiae
402 4157 561 4212 adstrictus,
582 4171 635 4203 non
656 4159 747 4217 potest
768 4157 916 4218 adluiplerc
940 4157 1113 4204 condiciones
1132 4156 1158 4202 in
1178 4154 1252 4201 bulla
1271 4155 1463 4217 Speculatores

336 4235 480 4296 requisitus
496 4239 526 4282 ut
540 4236 600 4296 quis
615 4234 740 4281 subditus
756 4235 791 4282 sit
805 4235 884 4282 alicui
900 4235 1029 4297 episcopo
1045 4235 1148 4282 ratione
1165 4231 1306 4281 domicilii.
