3238 5052
324 421 377 474 tto
663 425 706 474 ut
726 423 857 474 Rl'l'lliUS
875 423 1112 475 oaututrtoius

325 567 498 627 Romanam
513 569 592 628 hanc
607 568 736 628 alteram
753 569 984 648 impositionem
1001 575 1173 628 mutuatam
1188 569 1283 629 tuisse
1298 568 1337 626 ab
1352 567 1448 628 eccle-

324 673 376 730 siis
393 673 471 732 ritus
486 673 642 750 gallicani.

364 781 395 835 2⁰
411 777 576 858 Praefatio.
593 778 724 838 -Post
743 777 974 858 impositionem
996 799 1160 851 manuum,
1177 787 1352 860 sequuntur
1366 776 1450 836 lnui·

324 883 475 942 latorium
490 883 528 942 ad
544 883 651 942 fideles
668 890 696 947 t«
713 887 857 958 (tremus,
873 884 984 944 tratres
1000 883 1162 956 carissimi,
1177 892 1236 943 etc.
1255 885 1295 957 nl,
1309 881 1449 943 Collecta

324 988 450 1046 brevior
470 1014 497 1057 i«
518 988 638 1048 Exaudi
664 1010 736 1060 nos,
762 997 821 1048 etc.
841 991 868 1068 »l
894 999 925 1049 ct
948 989 1071 1049 tandem
1095 987 1261 1069 Praesentia,
1284 1010 1354 1069 quae
1374 987 1449 1047 olim

323 1092 516 1152 consecratio
544 1092 719 1152 dicebatur.
751 1095 984 1176 Antiquissima²
1014 1103 1087 1154 sunt
1116 1095 1162 1152 ba·
1196 1102 1260 1153 tres
1292 1091 1448 1153 lormulae.

323 1197 373 1256 Cf.
391 1219 500 1277 supra,
519 1200 652 1261 n.194.

363 1304 395 1362 3⁰
415 1301 558 1362 Traditio
573 1303 662 1362 stola
677 1311 707 1364 el
722 1304 850 1364 casulae.
864 1339 901 1349 -
917 1305 975 1364 llic
991 1307 1107 1385 pariter
1122 1305 1200 1364 ritus
1214 1303 1451 1385 antiquissimus

322 1415 386 1479 est,
403 1429 513 1488 supra,
530 1430 561 1467 n.
580 1411 668 1488 194,
684 1411 726 1470 3⁰.

362 1512 395 1570 -l0
413 1512 526 1574 Is'nctio
542 1534 706 1574 manuum.
723 1549 763 1558 -—
779 1514 854 1573 Post
869 1515 1020 1596 hymnum
1041 1514 1119 1575 l'eni
1134 1515 1275 1590 Creator,
1292 1514 1328 1572 tit
1343 1512 1449 1571 unctio

324 1638 485 1677 neminum.
501 1655 540 1662 -
556 1619 648 1679 Hunc
663 1619 757 1677 ritum
773 1626 915 1680 mutuata
930 1627 978 1678 est
990 1619 1128 1679 Ecclesia
1144 1619 1283 1679 Romana
1298 1617 1337 1676 ab
1352 1617 1449 1676 eccle·

322 1722 375 1780 siis
394 1723 472 1781 ritus
492 1723 646 1802 gallicani.
665 1723 786 1783 Saeculo
806 1745 851 1796 tx,
874 1731 1014 1805 tempore
1035 1724 1154 1784 Nicolai
1176 1725 1204 1795 l,
1224 1723 1362 1783 nondum
1383 1731 1451 1780 erat

322 1830 353 1887 in
383 1849 440 1888 usu
473 1830 506 1888 in
537 1829 671 1888 Ecclesia
703 1829 860 1901 Romana,
892 1839 927 1890 ut
960 1830 1088 1890 omnino
1121 1837 1244 1890 constat
1273 1829 1326 1888 cit.
1355 1847 1449 1907 supra

323 1938 371 2011 (n.
396 1937 485 2014 202,
510 1935 557 2014 4⁰)
584 1935 703 1994 Nicolai
728 1937 818 2015 epist.
848 1957 928 2006 cxvi,
957 1935 996 1994 ad
1022 1934 1241 2016 Rodulphum,
1268 1933 1448 2014 episcopum

324 2041 550 2100 bituricensem
562 2041 584 2100 ¹.
602 2041 661 2100 Sed
679 2040 764 2100 brevi
782 2041 842 2100 buc
857 2041 999 2100 invectus
1015 2049 1078 2112 est;
1095 2061 1166 2100 nam
1184 2039 1249 2119 jam
1265 2039 1399 2098 occurrit
1415 2038 1447 2096 in

324 2144 444 2206 Ordine
461 2147 601 2206 liciniano
624 2145 792 2226 l'ulpato'.

364 2251 395 2306 δυ
422 2249 565 2310 Traditio
594 2250 892 2328 instrumentorum,
920 2271 1030 2332 nempe
1059 2249 1168 2310 calicis
1198 2255 1227 2308 et
1250 2255 1386 2329 patenae.
1408 2281 1450 2292 -

325 2355 417 2414 llunc
442 2355 558 2434 pariter
580 2357 673 2415 ritum
697 2363 839 2416 mutuata
855 2363 903 2415 est
924 2355 1061 2416 Ecclesia
1088 2355 1227 2414 Romana
1250 2353 1289 2413 ab
1311 2352 1450 2412 ecclesiis

323 2461 401 2520 ritus
430 2460 594 2539 gallicani;
623 2461 688 2542 jam
720 2463 856 2521 occurrit
884 2461 916 2522 in
947 2460 1067 2522 Ordine
1097 2461 1236 2520 Humano
1272 2456 1448 2541 l'ulpato³;

323 2586 430 2624 verum
449 2566 553 2626 forsan
570 2587 631 2626 non
648 2575 714 2626 erat
728 2567 761 2626 in
777 2567 998 2646 manuscriptis
1014 2566 1119 2626 saeculi
1134 2587 1167 2638 x,
1186 2565 1299 2646 quibus
1314 2585 1387 2622 usus
1401 2571 1449 2622 est

323 2669 415 2750 hujus
433 2669 565 2730 Ordinis
580 2671 692 2744 editor,
707 2693 819 2752 nempe
838 2671 1025 2751 lliltorpius,
1044 2671 1095 2732 sed
1114 2679 1235 2731 tantum
1252 2670 1281 2727 in
1299 2668 1449 2727 recentio-

321 2776 422 2847 ribus,
439 2798 509 2856 quie
525 2775 618 2836 etiam
634 2775 786 2837 adhibuit.

361 2884 394 2940 6⁰
409 2880 573 2962 impositio
590 2902 742 2942 manuum
758 2881 788 2940 in
805 2882 870 2963 fine
886 2881 999 2942 rru'ssa.
1018 2917 1057 2925 -
1075 2881 1132 2940 llic
1151 2879 1230 2938 ritus
1247 2899 1308 2938 riori
1330 2877 1449 2936 inveni·

322 2991 373 3043 tur
389 2986 420 3042 in
437 2985 557 3045 Ordine
573 2987 713 3046 Romano
734 2985 879 3068 l'rrlpato,
898 3007 954 3045 nec
969 2987 1061 3046 etiam
1078 2986 1108 3044 in
1124 2985 1297 3044 recentiore
1314 2981 1448 3062 Pontifi-

322 3089 386 3148 cali
398 3091 538 3151 Romano
554 3091 751 3152 bibliothecae
765 3091 955 3152 Colbertinae
967 3091 990 3152 ⁴.
1006 3090 1201 3150 Probabilius
1215 3097 1263 3148 est
1277 3088 1445 3148 Ecclesiam

323 3193 495 3255 llomanam
520 3197 603 3256 hunc
626 3197 719 3258 etiam
746 3199 839 3256 ritum
862 3203 1035 3256 mutuatam
1059 3217 1124 3254 esse
1147 3197 1185 3258 ab
1207 3193 1346 3253 ecclesiis
1371 3194 1448 3252 ritus

322 3299 481 3378 gallicani,
499 3301 580 3382 apud
595 3323 671 3383 quas
688 3303 790 3383 primo
805 3301 951 3362 occurrit.

362 3517 447 3578 211.
463 3551 503 3560 -
518 3518 703 3578 Ordinatio
718 3517 936 3579 diaconatus.

365 3625 395 3678 1⁰
409 3619 560 3700 Praefatio
576 3641 646 3680 cuni
664 3619 862 3701 impositione
878 3641 990 3680 manue
1006 3617 1155 3700 episcopi.
1172 3653 1208 3662 -
1225 3617 1300 3676 Post
1313 3635 1447 3696 praesen-

323 3725 472 3784 tationem
489 3725 751 3794 ordinandorum,
768 3735 799 3785 et
814 3725 890 3784 duas
906 3724 1044 3804 episcopi
1059 3722 1281 3795 allocutione5‚
1298 3741 1392 3780 unam
1408 3718 1447 3778 ad

354 3923 361 3955 ¹
381 3923 486 3972 Pariter
500 3924 576 3972 deest
591 3923 683 3972 unctio
700 3939 827 3972 mrinuum
842 3924 868 3970 in
884 3923 983 3971 Codice
1003 3921 1170 3977 Einsiedeln‚
1191 3935 1253 3969 saec.
1269 3935 1299 3975 x,
1315 3919 1448 3976 Gerbert,

321 4002 494 4050 Monumenta
508 4001 627 4065 liturgiae
640 4001 831 4059 Alamannicis,
847 4003 921 4064 typis
936 3999 1146 4057 Stabianum,
1164 4003 1233 4056 1779,
1251 4001 1269 4046 t.
1288 4015 1317 4056 n,
1335 4013 1362 4060 p.
1377 4001 1417 4047 tt.

352 4081 362 4114 ²
380 4080 409 4129 P.
423 4084 513 4130 a-t-es.

352 4159 362 4193 ³
380 4159 408 4206 P.
424 4164 463 4208 95.

309 4267 314 4278 ·
351 4238 361 4271 ⁴
380 4238 456 4294 Quod
474 4237 603 4286 exscribit
618 4237 753 4295 Martisue,
770 4253 796 4299 p.
813 4241 851 4285 85.
