3246 5052
349 485 392 534 DE
412 485 622 536 REPARANDIS
640 485 896 536 onomnrwnuu
917 484 1118 534 nerucnnus
1144 531 1146 534 ,
1246 483 1294 534 571

171 632 273 718 hujus
293 630 494 716 juramenti,
517 631 645 695 electus
669 631 769 694 novis
792 628 1075 716 obligationibus,
1097 637 1157 694 eut
1175 629 1297 695 saltem

171 769 261 810 novo
280 745 430 825 viuculo,
448 767 570 832 nempe
585 745 773 833 juramenti
791 744 1027 830 adstringitur.

216 860 248 924 t.
267 859 380 924 Ceteri
399 860 500 938 ritus,
523 884 556 924 v.
579 882 628 945 g.,
654 858 826 946 impositio
851 881 1024 924 sacrarum
1047 860 1211 940 vestium,
1238 881 1298 922 an-

172 974 260 1053 nuli,
287 973 416 1054 baculi,
445 982 525 1054 etc,
553 973 581 1040 si
610 973 724 1038 forsan
754 974 872 1038 omissi
899 973 983 1054 sint,
1016 996 1084 1037 non
1108 973 1299 1038 necessario

172 1087 353 1174 supplendi
368 1095 465 1168 sunt3
489 1089 552 1153 hoc
571 1088 662 1152 enim
682 1089 956 1176 supplementum
976 1109 1039 1151 nec
1055 1087 1123 1151 ulla
1142 1087 1215 1158 lex,
1238 1111 1299 1152 nec

172 1201 276 1266 ullius
295 1202 461 1266 servanda
477 1201 554 1288 jum
570 1202 723 1288 exigunt.

220 1430 315 1498 301.
336 1467 380 1478 -
398 1431 456 1498 De
475 1429 766 1518 presbyteratu.

220 1547 250 1608 t.
269 1544 306 1608 Si
318 1544 444 1608 omissa
463 1543 565 1609 fuerit
577 1543 693 1608 unctio
713 1565 893 1623 manuum,
916 1542 1105 1630 supplenda
1125 1551 1189 1608 est.
1212 1543 1301 1608 Con-

175 1665 243 1724 stat
262 1659 318 1722 eit.
342 1681 416 1745 cap.
445 1659 533 1723 Cum
552 1659 707 1742 venisset,
731 1662 767 1738 1,
790 1659 841 1722 Dr
861 1680 959 1723 sncnn
985 1679 1156 1740 cuonone,
1178 1658 1214 1721 in
1233 1679 1301 1744 quo

175 1771 406 1852 Innocentius
428 1772 572 1860 loquens
585 1773 626 1837 de
646 1773 809 1838 unctione
829 1773 995 1860 episcopi,
1017 1772 1180 1874 inteiligit
1199 1772 1302 1836 etiam

175 1885 371 1950 unctionem
399 1886 644 1970 sacerdotalem
678 1893 713 1951 et
741 1887 1043 1974 presbyteralem¹,
1073 1886 1171 1974 cujus
1199 1885 1301 1949 etiam

175 1997 278 2063 refert
312 1999 489 2064 formulam
526 2021 533 2066 ε
575 2001 778 2064 Consecrere
814 2009 846 2062 el
890 2001 1099 2085 sanctificare
1131 2000 1300 2084 diqneris,

175 2113 334 2196 Domine,
356 2121 420 2178 etc.

220 2227 253 2291 2.
276 2226 311 2291 Si
331 2228 446 2302 unctio
467 2227 554 2293 factu
575 2228 676 2292 fuerit
704 2251 780 2292 eum
806 2251 903 2294 sacro
923 2230 1105 2293 chrismate
1125 2229 1211 2312 (loco
1236 2227 1303 2290 olei

177 2341 531 2430 catechumenorum),
563 2343 648 2406 nihil
679 2349 731 2406 est
765 2343 1005 2430 supplendum,
1039 2343 1090 2406 uti
1129 2341 1305 2430 respondit

177 2453 211 2519 S.
231 2454 400 2534 officium,
424 2455 505 2520 fens
527 2455 584 2538 lv,
607 2457 650 2520 22
666 2441 744 2544 juni
765 2457 885 2522 isne
914 2497 955 2509 -
980 2457 1077 2523 unde
1097 2456 1201 2521 enam
1225 2477 1304 2519 con·

176 2567 295 2650 eludo,
318 2568 346 2632 si
371 2591 466 2634 sacra
491 2571 607 2634 unctio
632 2571 720 2635 sacta
747 2570 849 2635 fuerit
872 2594 951 2636 cum
975 2573 1045 2635 oleo
1071 2572 1301 2654 infirmorum,

177 2682 261 2746 nihil
281 2683 407 2770 pariter
426 2707 500 2748 csse
524 2685 765 2772 repetendum,
788 2707 827 2748 eo
848 2686 956 2770 magis
976 2685 1066 2773 quod
1086 2685 1167 2748 olim
1188 2682 1304 2747 Ponti·

178 2797 287 2860 ficnlia
309 2795 476 2883 jubebant
503 2799 574 2862 tieri
600 2799 780 2864 unctiones
807 2799 862 2863 vel
890 2821 930 2863 ex
958 2800 1151 2882 chrismate,
1180 2797 1236 2861 vel
1262 2819 1304 2860 ex

178 2912 249 2974 oleo
269 2912 604 2996 catechumenorum,
626 2913 682 2977 vel
702 2933 743 2978 ex
764 2914 835 2978 oleo
855 2915 1009 2994 sancto³3
1030 2913 1120 2978 unde
1139 2911 1212 2976 tieri
1231 2911 1305 2999 qui-

179 3025 256 3088 dem
276 3023 401 3088 debent
416 3027 596 3092 unctiones
611 3029 709 3114 juxta
730 3028 943 3111 Pontificele,
961 3051 1038 3091 eum
1058 3028 1130 3092 oleo
1149 3027 1304 3090 catechu-

180 3158 378 3211 menornm:
397 3139 457 3202 sed
477 3140 505 3203 si
525 3140 610 3206 forte
627 3141 724 3205 factm
740 3141 868 3206 fuerint
887 3165 964 3205 cum
985 3143 1055 3204 oleo
1073 3143 1302 3224 infirmorum,

179 3252 464 3338 acquiescendum
484 3257 568 3319 est‘.

226 3367 256 3431 3.
280 3367 366 3430 Cum
390 3367 528 3454 quidam
553 3369 748 3456 episcopuS,
771 3369 930 3456 ungendo
955 3393 1076 3434 manus
1101 3368 1307 3432 ordinando-

181 3503 269 3560 rum,
292 3481 504 3546 dimidintam
519 3489 653 3547 tantum
673 3483 853 3548 formulam
873 3507 995 3572 nempe
1009 3507 1116 3572 usque
1132 3483 1175 3548 ad
1189 3482 1304 3564 verba,

181 3603 212 3656 et
233 3603 384 3660 nostram
410 3597 691 3680 benedictionem,
713 3599 844 3680 Amen,
866 3599 1138 3686 pronuntiasset,
1161 3621 1307 3662 errorem

182 3707 329 3772 advertit
355 3733 432 3772 eum
459 3711 558 3776 unxit
585 3734 706 3776 manus
732 3712 862 3794 ultimi,
895 3719 928 3778 et
962 3721 1043 3776 tunc
1076 3711 1308 3799 pronuntiarit

215 3914 223 3946 ¹
242 3915 331 3969 nem..
348 3917 373 3964 in
390 3918 431 3966 tit.
447 3917 486 3965 De
500 3933 575 3966 esem
594 3919 733 3976 unctione,
751 3935 776 3968 n.
793 3927 815 3968 2.

214 3994 225 4026 ²
242 3995 309 4042 Acts
323 3995 348 4042 S.
364 3995 454 4054 Sedis,
472 4001 490 4044 t.
507 4013 571 4056 xxx,
588 4013 614 4060 p.
634 4003 685 4046 157.

216 4073 226 4105 ³
243 4059 378 4130 Martem,
394 4073 432 4122 De
447 4076 570 4140 antiquie
586 4076 695 4134 ritibus,
709 4077 756 4126 lib.
769 4077 789 4136 1,
803 4093 826 4125 c.
839 4093 894 4136 vin,
910 4082 961 4126 nrt.
973 4085 997 4136 9,
1014 4093 1039 4126 n.
1054 4081 1090 4136 u,
1107 4078 1309 4137 Bussnni,1788‚

185 4155 204 4199 t.
221 4167 250 4208 n,
268 4167 294 4213 p.
311 4157 349 4200 23.

216 4231 227 4262 ⁴
245 4227 284 4276 lte
300 4231 380 4278 etium
392 4233 565 4280 doctissimus
581 4234 698 4296 scriptor
713 4235 841 4296 perindici
853 4234 876 4282 n
890 4235 1023 4282 monitore
1038 4235 1112 4292 cert,
1125 4239 1144 4284 t.
1156 4251 1181 4296 x,
1193 4238 1262 4298 pert.
1276 4235 1309 4294 11,

186 4323 212 4368 p.
230 4311 283 4356 tot.
