3248 5052
281 489 325 539 DE
345 489 537 550 QUIBUSDAM
556 489 687 540 lllTlBUS
706 487 934 538 GENERALIBUS
954 487 1192 537 onnrnnrlonrs
1247 485 1298 539 58³

173 655 312 702 annuns
330 655 535 716 rnsssrrsm,
557 637 574 719 ξ
592 635 726 698 Interea
748 656 834 697 unus
853 656 894 695 ec
917 633 1065 696 diaconis
1070 683 1080 716 ,
1102 632 1161 696 ubi
1180 633 1298 698 eadem

174 749 243 815 lere
263 750 402 838 repetit;
424 789 469 797 -
487 749 520 814 2.
543 749 630 814 Cum
650 727 748 812 sileat
763 747 901 811 omnino
920 747 1117 830 Pontificale
1132 747 1173 811 de
1195 748 1299 812 mino-

175 862 269 928 ribus
293 862 485 944 ordinibus,
508 862 689 927 dicendum
708 869 760 926 est
784 861 956 925 ordinatos
980 860 1023 924 ad
1044 861 1192 926 minores
1211 861 1299 926 ordi-

175 1001 236 1042 nes
265 1001 334 1042 non
365 977 473 1042 teneri
505 977 546 1042 ad
577 999 707 1040 sacram
736 974 1025 1054 communionem;
1052 1013 1097 1022 —
1125 975 1156 1040 3.
1187 975 1236 1039 De
1265 976 1299 1039 vi

176 1099 290 1156 autem
306 1091 408 1178 hujus
428 1090 662 1178 obligationis,
685 1089 865 1154 dicendum
885 1095 937 1154 θεῖ
956 1087 1172 1175 presbyteros
1191 1089 1300 1154 teneri

174 1207 239 1272 sub
261 1207 359 1292 pravi
385 1206 428 1270 ad
450 1205 743 1286 ¹communionem,
773 1203 850 1291 quia
877 1202 1037 1266 nimirum
1063 1203 1301 1268 concelebrant

176 1344 252 1385 cum
277 1321 468 1408 episcopo¹,
490 1328 524 1384 et
548 1320 623 1384 ideo
643 1318 813 1405 complere
838 1341 937 1382 suum
956 1317 1159 1382 sacrificium
1184 1317 1300 1382 stricte

174 1440 333 1498 tenentur
352 1457 412 1522 per
431 1455 559 1498 sacram
575 1431 870 1497 communionem:
892 1431 983 1519 quod
1002 1431 1146 1496 involvit
1161 1454 1300 1518 gravem

175 1547 435 1635 obligationem
465 1546 641 1612 dubitatur
668 1555 783 1611 autem
814 1545 856 1610 de
887 1544 1053 1632 gravitate
1083 1544 1300 1632 obligationis

175 1663 287 1750 quoad
315 1661 541 1726 subdiaconos
570 1668 604 1726 et
627 1660 803 1740 diaconos;
830 1660 899 1723 imo
923 1659 959 1724 S.
990 1657 1191 1747 Alphonsus
1220 1660 1301 1724 dicit

175 1798 249 1841 esse
268 1775 380 1841 levem
391 1776 413 1842 ¹.

220 2005 317 2072 310.
336 2043 380 2054 —
404 2005 547 2073 Preces
567 2010 604 2072 et
623 2005 756 2072 missas
775 2023 875 2090 quas
894 2001 974 2070 dici
992 2000 1107 2089 jubet
1125 2002 1175 2070 ab
1194 2003 1302 2070 ordi·

174 2120 280 2187 natis
299 2119 523 2206 episcopale.
539 2157 583 2167 -
598 2117 649 2183 Cf.
673 2117 881 2201 Pontificalc,
899 2116 934 2180 in
950 2117 1003 2181 tit.
1023 2118 1073 2180 Dr
1089 2137 1301 2183 onnrnnrroru

175 2253 374 2314 rassnrrnnr,
388 2233 423 2296 in
438 2235 516 2314 fine,
530 2232 596 2298 ibi:
615 2259 630 2292 «
645 2231 778 2318 Singuli
793 2232 836 2296 ed
850 2230 993 2318 primam
1005 2237 1192 2307 tonsuram,
1207 2239 1270 2296 etc.
1282 2259 1298 2292 ι)

175 2348 224 2410 De
245 2370 311 2434 quo
331 2347 402 2410 haec
421 2347 564 2411 dicenda
586 2365 593 2412 :

221 2463 253 2524 l⁰
272 2461 375 2526 Juxta
396 2467 529 2525 textum
559 2460 783 2544 Pontificabc,
806 2442 985 2546 episcopus
1013 2458 1055 2522 ad
1075 2457 1301 2523 subdiaconos

174 2581 208 2640 θῖ
233 2574 394 2638 diaconos
413 2574 492 2639 ait:
522 2601 537 2633 «
565 2573 716 2637 Dicite...
745 2573 963 2636 Nocturnum
993 2573 1069 2638 talis
1095 2573 1201 2638 clici...
1228 2601 1242 2632 n
1266 2572 1300 2636 Si

174 2711 254 2774 ergo
274 2689 453 2775 episcopus
473 2687 606 2751 nullum
626 2687 699 2774 ipse
719 2685 875 2773 designet
893 2685 984 2750 diem
1004 2693 1037 2750 et
1056 2693 1189 2751 tantum
1209 2686 1301 2774 legat

172 2808 211 2867 ut
231 2808 283 2866 cst
303 2802 337 2865 in
357 2801 566 2885 Pontificali,
589 2807 670 2865 tunc
692 2826 707 2860 «
731 2823 792 2888 pro
811 2800 989 2864 Nocturno
1015 2800 1092 2864 talis
1116 2801 1182 2864 dici
1201 2800 1300 2864 intel-

173 2914 330 3002 ligendus
355 2923 407 2979 est
430 2919 616 2979 nocturnus
641 2913 783 2993 serialis,
805 2912 862 2977 vel
885 2913 1015 3001 primus
1034 2913 1128 2994 festi,
1151 2921 1209 2978 aut
1230 2914 1299 2978 Do-

173 3029 304 3092 minicae
328 3029 363 3092 in
393 3027 576 3108 Psalterio,
606 3027 719 3115 prouti
745 3027 912 3092 ordinatio
940 3027 975 3090 in
1003 3026 1099 3106 seria,
1127 3026 1214 3092 festo
1241 3034 1299 3092 aut

172 3142 341 3208 dominica
369 3141 483 3206 habita
511 3141 555 3206 sit
576 3161 611 3222 »;
635 3141 680 3206 ita
707 3141 742 3206 S.
765 3141 836 3206 Rit.
866 3141 1007 3228 Congr,
1030 3141 1064 3206 in
1089 3165 1157 3206 una
1181 3142 1296 3225 Urbis,

172 3257 213 3321 27
241 3256 328 3344 junii
349 3255 446 3336 1899,
475 3255 516 3320 ad
538 3254 590 3320 1³.
613 3293 657 3304 —
685 3255 751 3320 Sed
771 3255 951 3342 episcopus
980 3256 1038 3342 jus
1070 3255 1171 3322 habet
1195 3255 1298 3320 alium

172 3370 262 3434 diem
291 3369 505 3456 designandi,
529 3375 568 3434 ut
596 3376 691 3457 patet
716 3391 758 3433 ex
787 3369 844 3434 cit.
880 3368 1010 3448 verbis,
1041 3397 1057 3429 «
1084 3371 1298 3435 Nocturnum

173 3485 251 3548 talis
266 3483 344 3562 diei,
365 3511 380 3544 n
399 3483 433 3546 id
448 3491 516 3564 est,
535 3482 636 3570 hujus
650 3482 706 3546 vel
722 3481 814 3547 illius
830 3483 911 3564 dici,
928 3483 971 3547 ad
985 3481 1120 3547 libitum
1135 3484 1295 3570 episcopi,

171 3597 275 3663 etuti
299 3596 475 3684 respondit
499 3595 533 3662 S.
560 3597 630 3661 Rit.
659 3595 800 3684 Congu,
824 3597 884 3680 in,
911 3597 953 3662 ad
972 3597 1009 3676 2;
1033 3603 1113 3662 tunc
1139 3598 1298 3684 standum

170 3719 223 3777 est
242 3711 470 3798 designationi
490 3709 649 3798 episcopi.
672 3749 716 3758 -
746 3711 941 3776 Nocturnus
971 3717 1084 3777 autem
1109 3735 1177 3777 non
1204 3735 1297 3776 com-

170 3826 330 3913 plectitur
340 3825 407 3889 nisi
417 3824 568 3911 psalmos
583 3847 661 3888 cum
681 3824 752 3889 suis
767 3824 974 3911 antiphonis,
992 3848 1059 3888 non
1079 3849 1159 3890 vero
1180 3827 1297 3890 lectio-

170 3961 243 4020 ιιθε,
265 3961 327 4003 ιιθθ
354 3938 536 4025 hymnum,
570 3961 632 4002 nec
658 3939 829 4026 psalmum
865 3939 978 4002 Venite
1002 3939 1215 4022 exultemus,·
1244 3939 1297 4004 hic

201 4141 210 4174 ¹
229 4141 269 4190 Dc
283 4155 336 4203 qua
351 4140 585 4188 concelebrationc
599 4139 634 4188 cl.
653 4139 764 4202 Hallicr,
781 4139 859 4198 ibid„
875 4123 926 4189 arl'.
944 4145 965 4191 7.
982 4141 1033 4188 col.
1050 4145 1103 4189 576.

200 4219 211 4255 ¹
229 4219 287 4268 Lib.
301 4219 351 4276 Vl,
368 4233 393 4266 n.
410 4223 464 4267 801.

200 4299 211 4334 ⁸
227 4297 340 4346 Decreta
355 4296 442 4354 auth„
459 4311 484 4344 n.
501 4299 575 4354 4042,
592 4299 611 4344 t.
630 4311 670 4354 ιιι,
687 4311 713 4359 p.
729 4301 783 4345 368.
