3248 5052
684 479 884 529 accensuri
1295 476 1346 530 639

221 643 256 681 ea
280 622 345 701 ipsa
366 642 398 681 re
420 622 564 702 votisque
587 621 709 680 Nostris
730 620 877 680 cohaeret.
900 619 990 688 Quod
1011 620 1091 678 enim
1112 620 1193 700 apud
1209 621 1344 699 Anglos,

221 719 380 799 aliquanto
409 725 574 798 postquam
605 718 645 777 ab
679 717 806 777 unitatis
837 717 1013 776 christianae
1047 725 1155 776 centro
1184 716 1345 777 abcessum

221 823 283 888 est,
309 835 409 874 novus
434 814 524 893 plane
551 814 628 874 ritus
653 813 815 873 ordinibus
840 813 934 873 sacris
957 813 1168 884 conferendis,
1193 813 1251 872 sub
1275 834 1345 892 rege

222 909 367 970 Eduardo
395 911 455 983 Vl,
485 910 544 970 luit
570 910 693 989 publice
721 911 885 982 inductus;
916 909 1065 968 defecisse
1090 908 1206 967 idcirco
1237 930 1345 968 verum

220 1007 338 1066 ordinis
359 1015 603 1080 sacramentum,
621 1007 711 1086 quale
728 1005 872 1066 Christus
893 1005 1043 1076 instituit,
1061 1005 1216 1085 simulque
1232 1005 1346 1065 hierar·

220 1103 340 1163 chicam
356 1103 599 1176 successionem,
611 1103 676 1184 jam
692 1103 794 1162 tenuit
806 1102 980 1162 communis
994 1102 1162 1184 sententia,
1177 1123 1269 1182 quam
1284 1123 1345 1161 non

220 1199 314 1258 semel
336 1199 482 1259 Ecclesiae
504 1207 572 1259 acta
593 1206 625 1258 et
645 1205 791 1258 constans
812 1197 975 1278 disciplina
1000 1199 1174 1258 firmarunt.
1199 1200 1344 1258 Attamen

220 1296 390 1364 recentiore
409 1295 556 1354 memoria
577 1294 686 1376 hisque
704 1295 836 1356 maxime
856 1295 945 1354 annis
966 1293 1098 1353 invaluit
1117 1295 1343 1366 controversia,

220 1412 355 1452 sacraene
370 1391 583 1451 ordinationes
598 1391 659 1450 ritu
675 1390 866 1451 eduardiano
879 1397 1024 1470 peractae,
1039 1398 1148 1448 natura
1162 1391 1345 1450 sacramenti

219 1489 395 1568 ellectuque
419 1487 577 1568 polleant3
605 1487 784 1548 laventibus
808 1488 959 1547 affirmate
987 1487 1034 1546 vcl
1063 1486 1253 1559 dubitanter,
1282 1508 1344 1546 non

220 1585 312 1644 modo
328 1584 532 1664 scriptoribus
551 1585 721 1663 anglicanis
742 1583 916 1650 nonnullis,
934 1584 986 1642 scd
1007 1583 1113 1662 paucis
1131 1583 1223 1642 ctiam
1239 1583 1345 1642 catho-

218 1681 284 1741 licis
305 1681 476 1761 praesertim
498 1700 559 1740 non
578 1681 696 1760 Anglis.
719 1680 843 1738 Alteros
865 1681 980 1760 quippe
1000 1679 1146 1738 movebat
1166 1679 1343 1759 prestantia

218 1777 384 1837 sacerdotii
398 1776 574 1850 christiani,
591 1783 775 1856 exoptantes
791 1783 826 1835 ut
843 1775 959 1855 duplici
974 1775 1040 1856 ejus
1057 1775 1086 1833 in
1102 1797 1216 1854 corpus
1230 1773 1343 1834 Christi

218 1880 373 1953 potestate
388 1893 426 1932 ne
442 1880 582 1933 carerent
596 1873 661 1945 sui;
679 1872 825 1932 movebat
844 1872 958 1931 alteros
979 1872 1141 1931 consilium
1159 1871 1343 1950 expediendi

217 1969 449 2050 quodammodo
467 1968 528 2028 illis
545 1969 679 2028 reditum
700 1968 738 2028 ad
759 1969 925 2036 unitatem;
948 1969 1087 2048 utrisque
1106 1989 1180 2027 vero
1197 1969 1256 2027 hoc
1276 1988 1344 2046 pcr-

217 2086 342 2125 suasum
359 2086 425 2124 esse
442 2065 618 2138 videbatur,
634 2065 698 2146 jam
717 2065 828 2124 studiis
846 2065 877 2124 in
894 2085 930 2124 co
945 2085 1057 2142 genere
1073 2085 1144 2123 cum
1164 2072 1256 2123 atate
1271 2085 1343 2143 pro-

217 2163 314 2222 vectis
342 2161 494 2244 novisque
526 2161 700 2222 litterarum
733 2161 942 2220 monumentis
974 2182 1012 2219 ex
1041 2159 1197 2219 oblivione
1229 2161 1341 2232 crutis,

216 2259 376 2318 retractari
400 2259 585 2318 auctoritate
610 2259 721 2318 Nostra
749 2277 874 2316 causam
902 2277 964 2315 non
992 2257 1238 2335 inopportunum
1264 2257 1339 2319 lore.

216 2355 280 2414 Nos
295 2362 400 2413 autem
415 2374 449 2413 ea
463 2353 590 2414 consilia
604 2361 697 2434 atque
711 2359 817 2432 optata
837 2353 961 2412 minime
974 2353 1181 2431 negligenteS,
1197 2353 1342 2412 maxime-

216 2471 276 2531 que
298 2449 368 2508 voci
389 2449 596 2529 obsequentes
614 2449 795 2528 apostolicae
815 2449 968 2520 caritatiS,
986 2448 1163 2508 censuimus
1184 2449 1260 2508 nihil
1281 2470 1341 2508 non

216 2546 348 2624 experiri
369 2545 454 2627 quod
475 2544 634 2605 videretur
654 2566 782 2626 quoquo
803 2543 896 2604 modo
917 2544 1091 2604 conducere
1111 2544 1149 2603 ad
1169 2544 1340 2604 animarum

216 2641 263 2700 vel
280 2641 447 2701 avertenda
462 2641 574 2702 damna
592 2643 640 2701 vel
657 2641 809 2701 utilitates
824 2640 985 2700 fovendas.

255 2736 377 2797 Placuit
390 2738 485 2816 igitur
497 2738 535 2797 de
550 2737 745 2798 retractanda
759 2758 851 2798 causa
867 2737 1086 2816 benignissimo
1103 2737 1282 2815 indulgerc;
1299 2739 1340 2797 ita

215 2854 302 2906 sane,
325 2841 359 2892 ut
378 2855 434 2914 per
452 2855 603 2894 summam
625 2855 713 2893 novae
738 2834 963 2914 disquisitionis
983 2833 1168 2900 sollertiam,
1190 2835 1290 2892 omnis
1309 2834 1341 2892 in

215 2937 373 3008 posterum
389 2930 439 2989 vel
453 2931 570 3009 specics
585 2930 711 3010 quidem
725 2930 889 2989 dubitandi
906 2935 986 2989 ess'et
998 2939 1126 2989 remota.
1145 2931 1342 3010 Quapropter

214 3032 300 3084 certo
318 3047 448 3085 numero
464 3026 539 3085 viris
555 3025 695 3085 doctrina
711 3033 741 3084 et
757 3025 932 3085 eruditione
951 3025 1187 3105 praestantibus,
1206 3045 1339 3106 quorum

214 3129 381 3200 compertae
408 3129 496 3181 erant
520 3121 686 3181 dissimiles
710 3121 741 3179 in
770 3122 835 3202 ipsa
858 3143 949 3182 causa
973 3121 1164 3201 opiniones,
1180 3123 1339 3200 negotium

213 3217 357 3276 dedimus
384 3226 418 3277 ut
444 3225 602 3278 momenta
629 3218 791 3278 sententiae
818 3239 881 3278 sure
908 3219 1030 3298 scriptis
1057 3217 1259 3291 mandarent;
1287 3239 1341 3278 eos

213 3313 325 3372 deinde
340 3313 379 3373 ad
395 3313 459 3373 Nos
474 3314 591 3374 accitos
602 3315 753 3395 jussimus
768 3313 999 3373 communicare
1017 3315 1098 3373 inter
1113 3335 1145 3373 sc
1161 3315 1291 3394 scripta,
1309 3322 1340 3374 et
1422 3347 1425 3354 .

213 3410 365 3491 quidquid
381 3431 418 3469 eo
432 3411 564 3490 amplius
577 3411 615 3470 ad
631 3431 694 3469 rem
709 3411 837 3488 cognitu
851 3417 931 3468 esset
943 3409 1071 3488 dignum
1088 3411 1233 3487 indagare
1246 3418 1339 3490 atquc

214 3506 398 3586 expendere.
413 3505 687 3588 Consultumquea
698 3505 796 3565 Nobis
804 3509 907 3579 est,'ut
918 3506 974 3585 ipsi
984 3506 1152 3585 diplomata
1163 3515 1338 3586 opportuna

213 3603 297 3661 omni
308 3609 437 3681 possent
448 3603 538 3683 copia
551 3603 582 3661 in
595 3603 755 3662 tabulariis
766 3603 927 3674 vaticanis,
941 3603 1005 3660 sive
1019 3611 1091 3662 nota
1103 3623 1337 3681 recognoscere,

213 3699 278 3756 sive
290 3698 484 3778 inexplorata
497 3698 645 3772 educere;
664 3699 800 3778 itemque
812 3705 847 3757 ut
857 3705 1001 3776 prompta
1017 3697 1166 3757 baberent
1181 3720 1339 3778 quaecum-

213 3815 273 3874 que
286 3793 426 3874 ejusdem
438 3796 560 3873 generis
575 3803 642 3854 acta
655 3794 737 3875 apud
752 3795 879 3854 Sacrum
894 3793 1078 3867 Consilium,
1091 3795 1176 3874 quod
1188 3796 1338 3874 Suprema

213 3897 354 3963 vocatur,
369 3899 614 3964 asservarentur,
631 3911 730 3971 neque
746 3891 848 3949 minus
865 3911 1070 3970 quaecumque
1088 3891 1125 3949 ad
1142 3891 1202 3950 hoc
1216 3898 1339 3970 tempus

213 3985 369 4046 doctiores
382 3986 440 4045 viri
458 3987 490 4046 in
505 3995 671 4066 utramque
686 3995 805 4066 partem
823 3986 1032 4064 evulgassent.
1049 3985 1236 4067 llujusmodi
1252 3987 1339 4067 adju·

213 4083 325 4140 mentis
341 4083 526 4156 instructos,
544 4083 701 4143 voluimus
716 4103 769 4142 eos
788 4083 817 4140 in
832 4081 1003 4160 singulares
1019 4083 1255 4161 congressiones
1270 4103 1340 4142 con·

214 4178 336 4252 venire,
354 4199 424 4259 quae
439 4179 478 4240 ad
494 4179 658 4240 duodecim
675 4185 747 4238 sunt
763 4177 892 4252 habitae,
910 4177 1040 4258 praeside
1062 4200 1124 4238 uno
1140 4199 1177 4237 ex
1192 4180 1223 4238 S.
1243 4179 1282 4238 R.
1301 4179 1335 4238 Ε.

214 4274 425 4335 cardinalibus
448 4297 464 4335 a
487 4276 726 4355 Nobismetipsis
748 4275 921 4354 designate,
944 4273 1015 4334 data
1036 4275 1165 4353 singulis
1189 4275 1338 4335 facultate
