3248 5052
641 487 841 538 DOGUMENTA
1253 483 1304 536 617

180 629 338 691 memoria
361 629 521 692 Clemente
546 628 636 706 VIII,
654 628 888 712 predecessore
914 627 1009 690 etiam
1036 627 1168 706 Nostro,
1191 628 1307 712 confir-

179 733 299 788 matum
314 725 365 786 die
383 727 418 786 15
434 723 544 786 martii
560 727 651 800 1596,
668 747 730 808 quo
750 725 892 786 sancitur
906 723 948 786 ad
963 723 1142 807 episcopum
1158 724 1306 786 dioecesa-

179 843 255 883 num
281 821 403 884 litteras
427 821 627 883 dimissorias
647 843 708 904 pro
735 822 915 883 eorumdem
937 820 1087 882 ordinum
1110 819 1306 902 susceptione

177 941 196 980 a
215 918 282 979 suis
303 917 521 1001 superioribus
543 939 609 980 esse
630 917 833 1002 diripendas,
852 925 1067 1000 preterquam
1087 916 1121 977 in
1137 937 1226 994 casu,
1243 939 1306 1000 quo

179 1015 373 1076 dioecesanus
392 1037 411 1076 a
430 1015 559 1076 dioecesi
577 1013 715 1090 abesset,
731 1015 781 1076 oet
800 1013 1015 1075 ordinationes
1035 1035 1097 1074 non
1115 1019 1195 1074 esset
1213 1013 1307 1075 babi-

178 1118 289 1190 turus,·
303 1133 366 1194 qno
381 1111 476 1172 etiam
491 1133 565 1172 casu
582 1110 614 1171 in
632 1110 734 1172 literis
750 1109 941 1172 dimissoriis
954 1109 997 1171 ad
1010 1109 1110 1170 elium
1125 1109 1306 1192 episcopum

177 1206 358 1292 diripendis
372 1229 520 1290 expressa
532 1207 607 1290 fieri
619 1207 731 1268 debeat
744 1206 872 1284 mentio,
887 1206 936 1268 uel
948 1205 987 1267 de
995 1204 1154 1288 praedicta
1166 1205 1308 1288 episcopi

178 1303 349 1365 dioecesani
362 1303 516 1382 absentia,
528 1303 577 1365 vel
591 1303 630 1365 de
646 1303 704 1364 illa
718 1303 784 1365 alia
799 1324 904 1380 causa,
918 1301 1064 1364 uidelicet
1079 1301 1166 1385 qnod
1179 1301 1306 1363 ordina-

179 1400 278 1461 tiones
293 1422 355 1462 non
370 1399 412 1460 sit
425 1400 594 1461 habiturus
602 1419 614 1478 ;
629 1398 767 1480 exceptis
782 1406 896 1476 tamen,
910 1399 1016 1484 qnoed
1023 1398 1192 1480 praedicta,
1204 1399 1306 1483 Ilepn-

179 1495 303 1558 laribus
324 1497 391 1558 illis
411 1496 529 1580 quibus
545 1519 605 1578 per
624 1496 761 1578 speciale
776 1495 987 1579 privitepium
1000 1517 1019 1556 a
1034 1494 1114 1556 Sede
1133 1495 1306 1577 apostolica

174 1600 248 1676 post
271 1593 442 1654 concilium
470 1593 693 1654 Tridentinum
716 1593 817 1675 suerit
837 1613 1034 1669 concessum,
1060 1598 1093 1652 ut
1116 1613 1136 1652 a
1163 1591 1306 1676 quolibet

177 1689 333 1750 catholico
347 1689 488 1750 antistite
508 1689 635 1750 ordines
654 1689 815 1770 suscipere
829 1688 970 1772 possint,
990 1709 1084 1770 super
1099 1709 1161 1770 quo
1182 1687 1314 1752 indulto.

179 1785 262 1846 nihil
271 1807 332 1866 per
341 1793 515 1868 presentes
531 1785 680 1846 innovare
697 1785 902 1846 intendimus.

220 1881 318 1941 Porro
334 1883 358 1941 si
374 1883 470 1962 aliqui
486 1883 608 1962 vigilias
624 1882 808 1962 laboresque
823 1903 896 1941 suos
917 1903 978 1941 non
994 1881 1103 1940 tamin
1119 1880 1306 1940 extricandis

179 1979 341 2038 inutilibus
357 1979 582 2060 questionibus
603 1980 652 2038 vel
673 1979 754 2038 sorte
774 1979 805 2037 in
826 1978 919 2038 rebus
938 1977 1078 2058 profanis
1097 1985 1129 2036 et
1147 1977 1186 2036 ab
1205 1977 1305 2036 eccle-

179 2075 301 2134 siastica
326 2075 519 2155 professione
544 2075 652 2135 alienis
676 2074 873 2134 addiscendis
897 2080 1131 2144 consumerent,
1157 2093 1250 2154 quam
1274 2073 1306 2131 in

178 2170 282 2230 studio
296 2192 452 2254 sacrarum
467 2172 570 2252 legum
584 2171 698 2252 quibus
712 2171 921 2230 ecclesiastica
937 2170 1100 2249 disciplina
1116 2170 1304 2241 continetur,

180 2267 298 2326 utiliter
312 2267 518 2340 collocarent,
536 2289 571 2327 ac
588 2268 645 2326 nisi
660 2266 827 2346 aliquibus
845 2266 1007 2327 arbitrium
1024 2287 1080 2346 pro
1095 2267 1173 2345 lege,
1191 2265 1306 2346 praeju-

179 2363 280 2423 dicata
301 2364 406 2443 opinio
426 2385 483 2443 pro
503 2365 639 2441 ratione,
660 2371 754 2444 etque
777 2363 808 2422 in
829 2363 931 2442 legum
952 2363 1044 2422 etiam
1064 2361 1304 2421 clarissimarum

179 2460 435 2539 interpretatione
459 2481 534 2520 suus
559 2460 671 2541 cuique
696 2481 804 2519 sensus
829 2481 886 2539 pro
912 2459 1097 2519 auctoritate
1124 2465 1222 2530 esset;
1249 2477 1305 2516 nec

179 2555 252 2614 olim
276 2555 373 2614 Nobis
398 2555 429 2614 in
454 2555 568 2616 Nostro
592 2556 780 2616 Bononiensi
805 2556 1073 2635 archiepiscopatu
1097 2554 1306 2614 residentibus

178 2651 376 2729 contigisset,
399 2657 433 2710 ut
452 2651 617 2731 Regularis
637 2651 763 2732 quidam
785 2672 822 2711 ex
845 2672 880 2711 ea
903 2651 979 2711 urbe
1001 2657 1128 2730 repente
1150 2650 1306 2728 digressus

179 2747 289 2826 suique
305 2747 474 2827 superioris
489 2747 681 2807 dimissorias
696 2748 734 2807 ad
756 2749 937 2828 episcopum
959 2747 1123 2807 finitimum
1143 2745 1304 2822 deserens,

179 2843 301 2902 temetsi
319 2843 403 2902 nullo
419 2851 512 2922 pacto
526 2843 639 2904 docere
655 2853 775 2923 posset,
794 2845 858 2903 Nos
877 2844 1060 2904 clericorum
1077 2843 1305 2903 ordinationem

180 2959 240 2996 non
257 2939 433 3014 habituros,
451 2961 572 3000 sacrum
589 2941 821 3020 presbyteratus
841 2941 981 3000 ordinem
1001 2940 1187 3020 susciperet,
1205 2937 1305 2997 nulla-

179 3056 240 3116 que
260 3035 422 3116 interjecta
443 3056 529 3096 mora
546 3037 718 3096 Bononiam
739 3037 777 3095 ad
798 3037 933 3116 primum
953 3037 1137 3096 sacrificium
1158 3056 1220 3094 non
1240 3035 1306 3094 sine

179 3151 292 3211 pompa
304 3133 496 3192 offerendum
508 3141 736 3206 reverteretur3
751 3153 844 3214 quam
858 3140 960 3194 tamen
971 3132 1196 3192 intolerandam
1210 3130 1305 3191 auda-

179 3227 258 3286 ciam
286 3228 350 3286 Nos
376 3228 414 3287 ad
441 3229 660 3288 canonicarum
687 3230 883 3288 sanctionum
909 3229 1042 3308 rigorem
1067 3228 1188 3306 exigere
1212 3235 1305 3307 atque

179 3324 285 3396 etiam,
296 3331 417 3384 servata
434 3325 581 3404 pastorali
598 3325 1015 3403 mansuetudine,vindicare
1029 3345 1091 3384 non
1107 3323 1306 3404 pretermisi-

181 3441 260 3492 mus,
279 3427 313 3479 ut
328 3419 433 3479 videre
453 3422 546 3480 estin
566 3422 687 3481 monito
702 3421 851 3501 pastorali
867 3443 883 3480 a
901 3421 998 3480 Nobis
1014 3429 1088 3480 tunc
1104 3419 1203 3492 edite,
1225 3419 1306 3478 inter

180 3517 323 3596 impress.
341 3515 466 3592 Itonia,
484 3516 518 3588 3,
539 3517 592 3578 lib.
612 3517 652 3576 ll.
671 3518 780 3597 Neque
795 3537 902 3576 rursus
922 3538 960 3576 ex
980 3516 1101 3597 quoad
1123 3516 1306 3575 universalis

183 3612 328 3672 Ecclesiae
349 3613 502 3690 regimen,
522 3614 588 3672 Deo
611 3614 655 3673 sic
676 3613 877 3694 disponente,
894 3613 1045 3692 assumpti
1061 3613 1192 3684 luimus,
1210 3612 1306 3692 pluri-

182 3728 302 3767 morum
317 3709 534 3788 episcoporum
549 3710 679 3768 lratrum
694 3709 880 3769 Nostrorum
897 3708 1030 3790 querelae
1044 3707 1082 3768 ed
1096 3708 1305 3788 apostolatum

183 3804 330 3863 Nostrum
351 3805 461 3864 delate
484 3805 631 3878 luissent,
654 3806 707 3885 qui
731 3806 893 3878 nimirum,
911 3827 973 3864 non
996 3805 1062 3864 sine
1082 3824 1195 3883 magno
1211 3805 1306 3863 animi

183 3900 287 3959 Nostri
310 3900 434 3974 dolore,
453 3900 535 3982 apud
557 3902 621 3960 Nos
643 3901 841 3982 expostulare
864 3921 925 3960 non
948 3900 1143 3972 desinunl,a
1166 3899 1307 3979 pluribus

180 4017 262 4076 saepe
275 3996 481 4076 Regularibus
493 3999 524 4056 in
535 4019 642 4056 eorum
653 3997 840 4057 dioeccsibus
854 3997 1026 4078 respective
1042 3995 1307 4056 commorantibus

180 4091 292 4152 similia
322 4095 511 4174 perpetrari,
542 4093 572 4153 in
603 4101 741 4174 spretum
771 4093 1049 4153 ecclesiasticarum
1082 4091 1184 4171 legum
1213 4100 1307 4170 atque

182 4189 350 4269 poenalium
366 4190 562 4249 sanctionum
578 4191 693 4271 quibus
707 4190 775 4270 ipso
791 4190 873 4249 lacto
888 4189 1126 4266 adstringuntur
1141 4187 1307 4269 (siquidem

181 4286 212 4343 in
234 4286 430 4366 autographo
445 4307 537 4367 supra
558 4287 646 4346 relati
670 4286 839 4346 Clementis
861 4286 979 4346 decreti
1001 4285 1148 4344 distincte
1171 4284 1305 4363 legitur:
