3270 5050
355 483 388 534 18
619 481 666 532 DE
683 481 823 532 LEGIBUS
841 479 957 531 SAOEAE
976 479 1213 556 oaointrionls

352 625 442 691 Cum
461 647 558 712 ergo,
581 625 628 689 ait
651 623 835 704 Mabillon,
855 623 973 688 eadem
993 624 1037 688 sit
1061 623 1271 688 consecratio
1295 645 1356 687 seu
1379 623 1480 688 bene·

352 740 472 822 dictio,
490 741 561 804 sive
577 739 706 804 electus
722 739 822 803 fuerit
836 738 1016 818 diaconus,
1033 737 1105 802 sive
1118 736 1308 824 presbyter,
1325 737 1478 825 sequitur

352 855 532 920 diaconum
552 853 691 917 solitum
709 851 814 916 fuisse
832 852 1022 917 consecrari
1039 852 1237 939 episcopum
1252 874 1318 936 per
1334 851 1477 935 saltum,

350 969 386 1032 id
406 975 475 1049 est,
496 967 624 1033 omisso
639 966 762 1036 ‚ordine
782 966 1022 1054 presbyterali,
1042 993 1058 1027 n
1076 966 1237 1047 fortasse,
1253 965 1366 1048 addit,
1382 965 1474 1054 quia,

350 1089 390 1148 ut
411 1082 519 1147 sentit
545 1081 775 1168 Hieronymus
795 1079 939 1167 epistola
962 1101 1090 1162 nxxxv,
1113 1083 1147 1144 in
1171 1081 1323 1166 episcopo
1346 1088 1379 1144 et
1398 1103 1479 1165 pre-

349 1198 469 1282 sbyter
487 1197 712 1260 continetur¹.
738 1223 754 1254 n

392 1311 427 1375 2.
449 1309 549 1390 Quod
571 1307 709 1372 libellus
729 1314 870 1373 octavus
891 1308 995 1374 tradit
1016 1308 1058 1374 de
1078 1308 1186 1374 electo
1206 1308 1435 1373 consecrando
1455 1331 1475 1372 a

348 1425 391 1490 R.
411 1423 593 1504 Pontifice,
610 1422 715 1486 tradit
733 1421 870 1487 libellus
889 1444 1018 1509 nonus,
1035 1423 1117 1488 item
1132 1422 1244 1488 editus
1258 1445 1279 1486 a
1293 1421 1473 1502 Mabillon,

346 1537 390 1602 de
409 1537 483 1626 ipso
499 1537 607 1602 electo
622 1535 658 1600 in
677 1537 870 1601 Romanum
892 1535 1109 1618 Pontificem,
1127 1536 1162 1601 in
1182 1537 1379 1624 episcopum
1393 1558 1475 1600 oon-

346 1651 534 1719 soorando:
558 1677 574 1711 «
595 1651 759 1716 Summus
778 1673 924 1737 namque
945 1650 1120 1733 Pontifex,
1141 1650 1281 1738 quando
1300 1649 1474 1716 benedici-

345 1773 412 1848 tur,
438 1766 577 1853 eligitur
598 1787 688 1829 unus
706 1763 749 1828 de
773 1763 1061 1847 cardinalibuS,...
1082 1765 1262 1852 presbyter
1283 1772 1343 1829 aut
1362 1765 1475 1829 diaco·

345 1903 452 1946 nus...
472 1879 624 1965 Surgens
642 1901 724 1942 vero
744 1879 898 1943 ascendit
916 1879 960 1943 ad
978 1879 1102 1960 altare,
1124 1885 1159 1943 et
1177 1879 1362 1966 prosternit
1381 1902 1418 1944 se
1435 1880 1471 1944 in

343 1993 550 2073 orationem,
568 1998 602 2055 et
621 1992 733 2058 omnis
752 1993 864 2057 clerus
879 2015 956 2056 oum
974 2015 1025 2057 eo.
1043 1993 1168 2057 Postea
1187 1993 1328 2080 erigitur
1343 1992 1385 2057 ab
1400 1993 1471 2080 epi-

344 2108 472 2194 scopiS,
490 2113 524 2170 et
543 2105 706 2171 statuitur
724 2107 813 2171 inter
832 2105 946 2170 sedem
961 2114 996 2172 et
1013 2107 1137 2185 altare;
1160 2111 1217 2170 et²
1235 2113 1354 2172 tenent
1369 2129 1471 2172 evan-

342 2222 471 2308 gelium
491 2242 592 2308 super
618 2229 719 2308 caput
742 2221 797 2285 vel
822 2221 988 2286 cervicem
1015 2221 1132 2308 ipsius¹
1161 2222 1205 2286 Et
1228 2220 1358 2287 accedit
1380 2244 1471 2286 unus

301 2351 304 2358 ’
342 2335 539 2424 episcopuS,
556 2340 590 2397 et
609 2333 667 2398 dat
685 2335 873 2399 orationem
888 2357 1099 2422 supereum,
1117 2342 1151 2400 et
1170 2336 1312 2414 recedit;
1335 2341 1369 2400 et
1383 2335 1469 2400 alter

341 2449 508 2514 similiter.
536 2448 679 2512 Accedit
702 2449 839 2530 tertius,
861 2455 896 2513 et
918 2457 1095 2514 consecrat
1117 2449 1228 2514 illurn.
1250 2447 1469 2514 Archidiaco-

341 2587 407 2628 nus
426 2570 540 2628 autem
565 2561 710 2649 imponit
728 2562 759 2626 ei
778 2563 921 2650 pallium
932 2564 954 2629 ³.
981 2591 997 2622 »
1023 2564 1112 2628 Hinc
1137 2564 1228 2628 idern
1253 2563 1344 2650 quod
1367 2585 1468 2650 supra

341 2677 514 2762 concludit
531 2675 729 2740 Mabillon‘.

386 2793 418 2858 3.
450 2791 593 2855 Photius
618 2789 801 2878 exprobrat
825 2791 988 2855 Romanis
1017 2791 1109 2878 quod
1132 2791 1312 2872 diaconus,
1339 2791 1468 2856 omisso

340 2905 530 2995 presbyteri
554 2903 688 2985 ordine,
715 2905 748 2968 in
774 2904 970 2992 episcopum
994 2927 1055 2992 per
1074 2905 1200 2971 saltum
1224 2912 1465 2970 consecretur:

341 3048 357 3080 n
382 3019 468 3084 Item
487 3018 516 3081 si
536 3017 613 3105 quis
637 3017 727 3106 apud
746 3041 824 3100 noS,
847 3018 1050 3114 presbyterii
1068 3020 1359 3084 consecrationem
1382 3043 1466 3106 prae-

340 3122 562 3220 tenensis-iv
586 3137 640 3192 τοῦ
664 3121 863 3218 πρεσῧυτέρου
886 3128 1042 3218 παρελθὼν
1065 3123 1288 3221 χειροτονίαν),
1316 3133 1467 3220 episcopi

340 3247 466 3310 honore
484 3245 666 3309 diaconum
686 3245 852 3326 affecerit,
874 3252 992 3333 utpote
1017 3246 1076 3333 qui
1099 3247 1245 3312 maxime
1266 3246 1462 3335 deliquerit,

340 3359 602 3438 condemnatur;
626 3359 829 3447 quibusdam
849 3381 930 3424 vero
947 3361 1053 3445 ⁵pari
1077 3335 1326 3444 ducitur'loco,
1348 3383 1364 3424 e
1383 3382 1464 3445 pre-

339 3475 477 3560 sbytero
492 3474 678 3558 provehere
697 3475 906 3559 episcopum,
922 3483 953 3537 et
966 3497 983 3538 e
998 3475 1153 3557 diacono,
1173 3475 1322 3538 medinm
1342 3475 1464 3538 transi·

342 3586 500 3652 lientibns
519 3587 689 3670 ordinem,
711 3589 755 3651 ad
773 3588 918 3673 episcopi
935 3589 1091 3673 abripere
1110 3589 1345 3674 dipnilatem⁶.
1367 3615 1383 3649 n
1399 3587 1463 3652 Hic

369 3749 380 3783 ¹
398 3747 478 3806 ibid„
495 3749 522 3796 in
539 3748 747 3806 Commentario,
765 3754 832 3797 nio
846 3749 979 3812 (perun),
996 3751 1039 3798 vei
1054 3751 1126 3814 apud
1137 3751 1237 3813 Migne,
1252 3749 1329 3808 ibici,
1345 3753 1396 3800 col.
1407 3758 1461 3800 on.

369 3826 382 3861 ²
399 3826 450 3875 Hic
467 3827 576 3889 proprie
592 3827 689 3890 incipit
703 3828 871 3876 consecratio
886 3829 1063 3891 episcopatis,
1080 3830 1136 3877 sive
1151 3829 1254 3878 electus
1274 3829 1355 3878 inerit
1370 3831 1462 3878 diaco-

338 3921 390 3954 nus
404 3910 452 3953 ant
466 3905 619 3968 presbyter.

372 3984 383 4018 ⁸
398 3983 540 4040 ituream,
559 3983 608 4031 too.
622 3982 678 4040 cit,
694 3998 720 4045 p.
737 3988 776 4042 92,
792 3985 836 4032 vel
851 3985 923 4047 apud
937 3985 1042 4048 Migne,
1059 3985 1136 4042 ibid„
1151 3987 1202 4034 eol.
1218 3991 1289 4036 1006.

370 4061 478 4119 ⁴Ibid.,
499 4055 526 4108 in
550 4060 763 4118 Commentario,
788 4077 814 4110 n.
838 4067 867 4110 18
890 4063 930 4125 (p.
953 4066 1063 4126 cxviii),
1089 4065 1132 4112 vel
1152 4065 1226 4126 apud
1250 4065 1353 4126 Migne,
1379 4064 1463 4124 ibid,

339 4140 391 4188 col.
405 4145 459 4187 919.

369 4219 381 4252 ⁸
393 4217 498 4280 Nempe
514 4216 649 4266 Romanis.

369 4295 381 4330 ὅ
397 4294 493 4358 Epist,
510 4295 556 4343 tib.
575 4295 593 4354 1,
607 4296 687 4358 epist.
700 4311 725 4354 n,
735 4295 770 4344 ad
780 4296 922 4346 Nicolaum
929 4313 1044 4361 paparn;
1056 4300 1155 4362 Migne,
1164 4299 1192 4348 P.
1203 4299 1242 4356 G,
1255 4302 1274 4348 t.
1287 4300 1390 4358 cn,coi.
1404 4305 1460 4348 606.
1563 4276 1573 4294 l
1620 4263 1621 4278 i
