3300 5056
388 464 433 513 DE
451 461 662 514 TEMPORIBUS
680 462 722 513 ΕΤ
740 461 824 514 Loco
843 461 1098 514 ORDINATIONUM
1254 459 1306 515 2⁴3

182 612 327 668 accurate
346 611 521 665 memorant
540 605 678 687 quinque
697 611 838 684 tempora
859 603 1107 678 ordinationum,
1128 604 1193 666 ullo
1212 605 1307 668 modo

183 714 355 794 loquuntur
369 710 407 770 de
426 708 559 770 sabbato
573 716 696 788 saneto,
714 715 750 770 ut
768 717 909 790 tempore
926 709 1176 771 ordinationibus
1190 711 1307 772 lacien-

183 819 232 878 dis
247 817 412 897 deputato;
429 815 484 875 sed
501 835 560 876 nee
574 815 627 876 cit.
644 815 812 875 concilium
828 814 1122 890 Claromontanum,
1139 823 1176 876 ut
1189 817 1307 878 dietum

183 930 240 984 est.
258 957 297 966 -
317 921 458 981 Primum
477 919 718 994 documentum,
735 919 838 1001 quoad
858 920 936 980 scire
955 941 1099 1002 possum,
1114 921 1145 980 in
1161 943 1223 1003 quo
1242 943 1309 984 me-

184 1034 324 1088 moretur
335 1024 506 1088 sabbatum
520 1033 665 1087 sanctum
681 1032 716 1086 ut
730 1032 854 1108 tempus
868 1026 1091 1102 ordinationis,
1107 1033 1155 1087 est
1172 1047 1240 1109 cap.
1263 1029 1310 1089 De

184 1155 231 1212 eo,
243 1133 274 1207 3,
291 1133 338 1192 Dn
353 1151 534 1192 rauromnus
548 1151 661 1205 oasim,
674 1131 758 1212 quod
775 1137 822 1191 est
836 1131 1005 1191 Alexandri
1021 1131 1078 1194 lll.
1094 1132 1242 1193 Attamen
1257 1134 1311 1194 ali-

186 1237 300 1320 quibus
314 1238 347 1296 in
366 1236 459 1312 locis,
476 1257 507 1297 v.
529 1256 572 1314 g.,
590 1235 715 1314 Romae,
738 1235 951 1296 ordinationes
967 1255 1062 1297 sacrae
1076 1237 1244 1319 aliquando
1258 1239 1311 1299 fie-

187 1344 263 1404 bant
285 1340 418 1403 sabbato
442 1347 551 1402 saneto
572 1341 637 1423 jam
661 1362 678 1401 a
703 1349 843 1422 tempore
868 1340 986 1420 Pelagii
1006 1341 1052 1415 ll,
1076 1348 1112 1402 ut
1132 1348 1218 1422 patet
1242 1363 1309 1404 can.

187 1446 393 1524 Dilectionis,
413 1451 464 1521 12,
482 1445 555 1506 dist.
574 1445 702 1507 LXXVI
715 1447 787 1527 (qui
802 1453 849 1506 est
864 1446 981 1526 Pelagii
997 1445 1056 1527 11).

225 1556 259 1614 6⁰
275 1551 385 1621 Quoad
401 1549 680 1628 subdiaconatum,
693 1551 842 1633 quamdiu
855 1551 1017 1612 ordinibus
1032 1551 1204 1612 minoribus
1217 1574 1314 1615 annu-

188 1665 324 1718 meratus
340 1664 402 1732 est,
419 1657 555 1718 conferri
569 1657 688 1737 potuit,
705 1663 736 1716 et
754 1677 862 1717 revera
882 1655 1102 1718 conferebatur
1116 1657 1209 1718 etiam
1224 1666 1315 1720 extre

188 1769 326 1846 quatuor
353 1767 513 1843 tempora;
540 1782 611 1822 cum
640 1768 760 1836 autem,
789 1761 903 1822 saeeulo
930 1783 971 1822 xrr
992 1762 1110 1837 medio,
1137 1770 1172 1822 ut
1195 1763 1314 1824 dictum

189 1875 237 1929 est
252 1887 362 1949 supra,
379 1887 407 1928 c.
424 1888 449 1941 1,
464 1887 495 1926 n.
512 1867 553 1946 8,
568 1869 612 1940 3⁰,
628 1867 711 1926 inter
725 1864 850 1926 ordines
866 1887 970 1927 sacros
984 1869 1160 1948 computari
1173 1867 1314 1950 coeperit,

190 1982 266 2034 tunc
287 1973 382 2034 etiam
403 1971 564 2052 prohiberi
579 1971 689 2053 coepit,
713 1992 752 2031 ne
774 1972 971 2032 conferretur
991 1971 1050 2032 nisi
1069 1973 1102 2031 in
1123 1973 1316 2056 temporibus

189 2078 345 2160 majorum
361 2077 605 2138 ordinationum.
619 2077 722 2138 Prima
735 2076 794 2137 hac
805 2077 837 2136 in
847 2098 881 2137 re
893 2077 1081 2138 documenta
1092 2085 1165 2139 sunt
1180 2079 1232 2140 cit.
1246 2101 1314 2161 cap.

190 2185 237 2244 De
256 2204 307 2259 eo,
327 2182 363 2256 3,
385 2182 432 2241 Ds
448 2203 631 2243 raneosrsus
652 2202 886 2257 osnruarrouuu,
910 2183 996 2264 quod
1017 2191 1065 2244 est
1083 2183 1251 2246 Alexandri
1271 2185 1316 2244 lll
1409 2212 1413 2226 r

190 2288 315 2367 (incerti
329 2287 432 2364 anni),
444 2294 475 2347 et
489 2307 556 2368 cap.
574 2286 808 2366 Subdiaconos,
823 2291 850 2361 1,
863 2288 932 2348 eod.
951 2289 1014 2362 tit,
1031 2288 1170 2369 ejusdem
1182 2290 1317 2351 Alexan-

190 2393 238 2452 dri
253 2393 341 2469 (item
355 2392 467 2452 incerti
481 2393 584 2474 anni);
602 2391 713 2452 deiude
728 2393 895 2453 concilium
910 2392 1141 2471 Dalmaticum,
1158 2415 1208 2456 an.
1228 2397 1316 2468 1199,

190 2499 241 2559 eui
254 2497 463 2580 praesidebant
476 2497 569 2577 legati
584 2497 757 2559 Innocentii
768 2498 813 2558 lll
823 2545 831 2572 ,
842 2499 874 2558 in
887 2498 977 2580 cujus
987 2519 1056 2558 can.
1072 2502 1090 2558 2
1106 2500 1234 2560 omnino
1245 2521 1317 2582 pro-

190 2603 317 2664 hibetur
337 2624 376 2663 ne
398 2603 469 2684 quis
489 2603 653 2685 episcopus
675 2604 799 2665 ordinet
820 2604 1029 2664 subdiaconos
1052 2604 1110 2663 nisi
1130 2605 1163 2664 in
1184 2612 1319 2687 quatuor

92 2786 96 2794 ι
190 2707 418 2790 temporibus¹.

231 2816 264 2874 7⁰
278 2813 369 2874 Hora
383 2820 487 2874 autem
503 2812 735 2875 ordinationum
746 2813 901 2896 majorum
917 2821 998 2888 erat,
1010 2814 1060 2874 vel
1077 2813 1207 2875 initium
1219 2815 1318 2876 noctis

191 2926 263 3000 post
275 2918 456 2994 sabbatum,
469 2918 520 2978 vel
534 2939 625 2980 mane
637 2918 698 2980 diei
711 2919 891 2992 dominicae,
905 2919 996 3000 juxta
1009 2918 1142 2978 relatum
1158 2919 1189 2979 S.
1207 2919 1318 2980 Leonis

191 3031 313 3084 textum
324 3005 426 3097 ;lmox
446 3031 550 3084 autem
567 3025 736 3105 anticipata
756 3019 809 3084 est
822 3025 862 3084 ad
876 3043 1037 3106 vesperam
1055 3022 1184 3086 sabbati
1187 3041 1201 3102 ,·
1216 3025 1318 3085 omnia

192 3129 274 3189 enim
296 3149 390 3210 supra
411 3128 543 3209 allegata
567 3128 755 3189 documenta
775 3151 812 3189 ex
836 3127 978 3203 Gelasio,
1002 3127 1180 3209 Reginone,
1205 3130 1316 3206 lvone,

194 3235 343 3314 Hugone,
361 3255 505 3316 expresse
520 3233 736 3294 demonstrant
751 3233 980 3294 ordinationem
995 3233 1062 3294 fieri
1081 3235 1205 3296 solitam
1223 3235 1318 3296 luisse

191 3359 317 3422 vespere
328 3337 458 3400 sabbati
460 3357 473 3418 ;
487 3339 572 3420 quod
587 3340 735 3420 supponit
748 3339 841 3400 etiam
856 3339 910 3400 cit.
923 3339 1148 3400 documentum
1160 3361 1199 3400 ex
1213 3341 1318 3401 conci-

191 3444 234 3506 lio
247 3443 493 3506 Claromontano
510 3444 569 3505 sub
586 3443 713 3506 Urbano
726 3445 767 3505 ll.
784 3445 832 3504 Ex
844 3444 904 3504 alia
920 3452 1023 3526 parte,
1039 3445 1105 3506 fieri
1121 3446 1214 3506 etiam
1229 3451 1318 3527 pote-

191 3557 255 3623 rat,
272 3550 311 3610 ad
326 3549 466 3625 libitum,
483 3569 575 3611 mene
592 3549 773 3627 dominicae,
791 3558 827 3610 ut
841 3571 986 3631 expresse
1001 3550 1078 3612 dicit
1092 3571 1180 3612 conc.
1198 3552 1317 3614 Retho-

191 3675 353 3735 magense,
369 3676 419 3716 an.
444 3655 536 3734 1072,
557 3675 626 3738 can.
643 3657 678 3731 8,
697 3656 753 3736 qui
769 3655 867 3716 refert
884 3657 1039 3737 ipsissima
1054 3655 1149 3717 verba
1165 3657 1315 3732 Leonis¹;

192 3761 235 3820 ita
257 3761 350 3822 etiam
372 3759 533 3842 Rupertus
553 3759 635 3840 (det.
658 3781 711 3822 an.
736 3761 847 3842 1135),
876 3762 946 3842 qui,
972 3761 1016 3822 De
1040 3759 1157 3822 divinia
1182 3761 1315 3844 officiis,

192 3865 246 3926 lib.
268 3865 332 3940 lll,
354 3885 380 3926 e.
401 3887 469 3940 viu,
491 3865 553 3926 ait:
571 3891 586 3922 α
608 3865 790 3928 Notandum
807 3873 854 3928 est
873 3865 1104 3928 ordinationum
1124 3875 1317 3928 sacramenta

188 4049 297 4114 ptionea
311 4049 437 4114 Egberti,
448 4049 482 4099 ad
496 4050 625 4099 saeculum
640 4051 760 4100 medium
775 4051 902 4100 octavum
917 4050 1073 4111 reterendae,
1085 4065 1139 4100 non
1154 4055 1316 4122 memorant,

190 4143 250 4178 cen.
263 4133 302 4188 91,
318 4129 370 4178 nisi
384 4129 505 4194 quatuor
519 4129 719 4180 ordinationum
736 4133 874 4194 tempora3
887 4129 989 4189 Mansi,
1005 4133 1025 4180 t.
1040 4143 1089 4191 xn,
1105 4129 1157 4182 col.
1174 4132 1228 4180 111.

224 4210 233 4247 ¹
251 4207 353 4267 Menai,
370 4205 505 4267 concilia,
521 4209 541 4258 t.
554 4223 621 4268 xxu,
636 4209 688 4258 col.
705 4213 759 4258 101.

223 4285 234 4318 ²
251 4285 354 4348 Manet,
371 4283 448 4345 ibid,
462 4289 483 4338 t.
498 4301 546 4348 xx,
561 4287 613 4337 col.
629 4291 668 4336 ³7.
