3294 5054
287 481 331 532 DE
350 479 578 534 ORDINATIONE
599 479 848 530 naululosonun
868 478 1028 529 VO‘I’ORUM
1048 478 1243 530 SIMPLICIUM
1280 475 1331 529 413

207 633 340 714 gutum,
373 625 465 713 quod
499 623 676 689 constituit
705 623 762 710 jus
799 645 979 688 commune
1009 646 1069 710 pro
1107 624 1330 708 Repularium

207 739 430 805 ordinatione.

256 967 350 1036 179.
371 959 415 1018 ’-
435 967 712 1054 Interpretatio
736 966 856 1055 hujus
876 965 1036 1035 indulti.

254 1086 286 1146 l⁰
306 1081 464 1170 Superior
488 1081 636 1146 instituti
664 1088 800 1146 tenetur
827 1081 1033 1165 repulerim
1058 1083 1228 1148 dimittere
1255 1085 1332 1149 sub-

209 1195 318 1261 ditum
345 1217 444 1260 suum
472 1194 515 1258 ad
545 1194 741 1282 episcopum
772 1195 1013 1278 dioecesannm,
1046 1177 1186 1284 nempe,
1218 1205 1256 1261 ut
1285 1199 1332 1262 ait

210 1308 370 1375 Clemens
393 1307 491 1390 VIII,
522 1309 565 1372 ad
596 1308 791 1396 episcopum
822 1308 914 1372 illiue
944 1312 1139 1374 monasterii
1168 1311 1201 1375 in
1232 1313 1332 1398 cujus

208 1423 343 1510 familia
364 1419 541 1508 reli9i03uc
556 1423 689 1508 positus
702 1421 811 1506 sueri!
826 1420 868 1486 ab
884 1424 1085 1490 auctoritate
1105 1432 1330 1514 competente,

209 1537 283 1618 vel,
305 1545 344 1603 ut
367 1537 492 1624 legitur
511 1536 546 1600 in
571 1535 703 1601 indulto
723 1535 815 1628 quod
834 1537 1052 1623 exponimus,
1074 1541 1118 1604 ad
1141 1542 1332 1626 episcopum

209 1652 367 1736 diocesis,
390 1652 424 1742 in
444 1653 545 1738 cujus
561 1651 727 1715 lr'mitihuc
741 1651 800 1736 pia
816 1652 937 1714 domus
951 1653 1134 1718 ordinandi
1150 1656 1329 1740 reperitur.

210 1765 274 1830 Hic
305 1766 408 1831 etiam
436 1764 627 1852 superiores
654 1765 761 1829 vitare
790 1763 916 1829 debent
947 1763 1101 1832 fraudem
1132 1789 1207 1856 quae
1231 1791 1333 1854 supra

211 1880 259 1966 (n.
291 1879 391 1966 159,
420 1879 468 1968 2⁰)
497 1884 614 1943 notata
640 1885 693 1942 est
719 1877 830 1966 quoad
857 1878 1048 1968 superiores
1075 1881 1259 1968 regulares
1290 1921 1334 1928 -

212 1991 403 2058 Difficultas
427 1991 609 2080 aliquando
638 2014 712 2056 esse
743 1991 883 2080 poterit,
914 2000 1028 2058 utrum
1053 1994 1132 2059 talis
1156 1995 1332 2081 religiosus

211 2107 272 2184 sit,
294 2105 349 2172 vel
370 2128 456 2186 non,
478 2107 518 2170 dc
544 2105 679 2190 familia
703 2114 903 2188 conventus,·
929 2128 982 2170 res
1001 2107 1185 2194 judicanda
1210 2109 1273 2174 erit
1292 2131 1333 2172 ex

210 2220 313 2284 variis
332 2219 519 2306 adjunctis,
542 2243 574 2284 v.
597 2244 646 2306 g.,
669 2241 710 2283 ex
738 2241 876 2284 munere
903 2220 995 2307 quod
1020 2221 1050 2284 ei
1074 2221 1257 2287 committit
1276 2245 1334 2286 su·
1371 2205 1376 2219 ¹

211 2333 322 2421 perior
355 2333 389 2396 in
423 2339 605 2398 conventu.
648 2331 768 2398 Solent
801 2354 1044 2420 nonnunquam
1079 2335 1270 2422 superiores
1299 2337 1333 2399 in

211 2447 471 2512 determinatam
492 2446 630 2510 domum
651 2445 812 2518 instituti,
831 2447 1019 2532 praesertim
1040 2447 1073 2511 in
1089 2447 1228 2513 domum
1243 2449 1334 2536 prin-

210 2562 336 2650 cipem,
358 2551 547 2626 coadunare
576 2559 730 2624 subditos
757 2583 853 2639 suoS,
883 2583 915 2624 v.
943 2585 992 2647 g.,
1022 2561 1064 2625 ad
1089 2563 1279 2649 peragenda
1299 2563 1333 2626 in

210 2675 383 2741 communi
403 2675 562 2740 exercitia
583 2673 789 2762 spiritualia,
810 2681 929 2762 postea
950 2675 1065 2740 statim
1084 2698 1279 2741 reversuros
1298 2677 1333 2741 in

209 2789 383 2878 proprium
398 2797 621 2869 conventum;
642 2811 742 2876 porro
762 2810 830 2852 non
850 2789 1041 2875 putaverim
1062 2789 1148 2855 hanc
1173 2789 1333 2856 brevissi-

211 2927 301 2969 mam
321 2912 355 2970 et
373 2904 560 2993 precariam
584 2901 883 2968 commorationem
908 2903 943 2967 in
969 2902 1070 2968 domo
1093 2905 1245 2992 principe
1266 2905 1334 2970 sul-

211 3021 309 3084 ticere
334 3019 376 3084 ad
403 3019 481 3098 hoc,
509 3025 547 3084 ut
570 3018 765 3105 episcopua,
793 3017 827 3081 in
857 3017 953 3106 cujus
977 3018 1115 3083 dioecesi
1145 3019 1215 3083 haec
1238 3020 1333 3108 prin-

211 3157 289 3221 ceps
316 3133 437 3198 domus
466 3132 649 3220 reperitur,
672 3131 716 3196 sit
736 3131 916 3218 episcopus
939 3132 1096 3220 proprius
1115 3133 1226 3220 quoad
1246 3133 1334 3198 ordi·

210 3249 382 3312 nationem
425 3247 577 3311 omnium
611 3245 827 3310 alumnorum
865 3246 924 3333 qui
962 3245 1064 3310 simul
1099 3247 1332 3333 spiritualibus
1374 3275 1377 3282 ³
1444 3291 1446 3296 -

210 3362 378 3428 exercitiis
398 3367 617 3426 vacaverunt.

255 3477 291 3540 20
312 3476 362 3541 Ex
386 3475 469 3564 ipsis
493 3475 616 3540 indulti
640 3475 811 3554 terminis,
834 3473 901 3539 duo
925 3496 1025 3538 casus
1045 3475 1277 3562 excipiuntur,
1298 3477 1341 3540 in*

210 3589 333 3680 quibus
353 3590 507 3678 superior
526 3589 674 3653 instituti
701 3611 800 3654 suum
824 3587 999 3654 subditum
1026 3587 1196 3654 dimittere
1220 3597 1333 3676 potest

211 3705 253 3770 ad
284 3726 533 3793 quemcumque
566 3703 780 3791 episcopum,
814 3721 969 3791 nempe:
1003 3705 1033 3766 1.
1065 3699 1209 3780 Quando
1240 3705 1334 3768 abeat

210 3821 383 3904 episcopus
402 3819 677 3899 dioeceaanuc;——
691 3817 723 3882 2.
746 3817 902 3897 Quando,
924 3817 1004 3882 licet
1016 3839 1179 3905 praesens,
1198 3818 1333 3883 trahitu-

212 3955 271 3998 rus
291 3953 357 3996 non
377 3931 421 3994 sit
441 3931 699 3995 ordinationem.
721 3969 764 3980 -
789 3930 833 3994 Hi
856 3937 970 3994 autem
999 3929 1066 3995 duo
1091 3953 1190 3996 casus
1214 3932 1332 3996 eodem

210 4068 349 4134 prorsus
378 4041 478 4108 modo
502 4043 625 4134 exponi
649 4042 775 4107 debent
798 4065 865 4131 quo
885 4065 986 4130 supra
1009 4043 1056 4132 (n.
1081 4043 1180 4130 159,
1201 4045 1247 4132 3⁰)
1274 4068 1334 4132 pro

211 4155 457 4246 RegularibuS,
479 4179 557 4222 cum
573 4156 743 4221 indultum
763 4179 837 4221 sese
857 4155 979 4222 reserat
1003 4155 1045 4221 ad
1065 4157 1239 4223 decretum
1259 4158 1334 4224 Cle-

212 4271 415 4338 mentinum.
442 4307 484 4319 —
516 4269 617 4350 item,
649 4277 683 4336 et
713 4277 851 4357 propter
879 4268 1033 4334 eamdem
1064 4269 1246 4352 rationem,
1282 4271 1334 4336 his
