3290 5060
330 496 381 549 154
596 501 639 549 DE
658 499 797 550 LEGIBUS
817 496 930 548 SAGRAE
949 494 1185 546 onulnnrrours

327 640 446 728 procul
470 641 589 724 dubio,
614 643 798 708 concedere
822 638 1033 705 dimissorias
1056 637 1203 704 subditis
1229 640 1315 720 suis,
1343 647 1385 706 ut
1407 640 1451 706 ab

326 755 392 819 alio
408 755 566 844 episcopo
581 757 795 837 ordinentur,
804 763 878 821 tum
893 755 988 842 quia,
997 753 1098 840 juxta
1108 753 1275 841 Regulam
1289 755 1380 820 luris
1393 755 1448 837 68,

327 869 362 933 in
377 869 423 933 Vl
442 889 449 936 :
469 892 485 928 ‹<
501 871 623 936 Potest
640 871 718 960 quis
732 894 798 957 per
811 871 934 952 elium,
956 867 1048 956 quud
1061 873 1179 956 potest
1190 867 1299 934 facere
1318 893 1382 958 per
1397 893 1448 936 se-

325 983 437 1071 ipsum
449 1005 464 1066 ;:
478 1013 494 1045 »
510 991 586 1050 tum
604 985 684 1074 quin
703 985 739 1050 id
758 985 886 1073 pussim
905 983 937 1047 ei
956 981 1155 1048 conceditur
1172 989 1231 1048 sut
1249 1006 1451 1050 concessum

326 1100 529 1186 supponitur
549 1100 583 1164 in
602 1101 699 1182 lure,
721 1123 754 1165 v.
778 1122 827 1185 g.‚
850 1099 884 1162 in
904 1121 977 1184 cap.
1002 1100 1033 1179 1,
1055 1097 1087 1179 2,
1111 1098 1143 1182 3,
1165 1099 1196 1179 d,
1220 1098 1273 1162 Du
1294 1119 1450 1164 muroni-

325 1234 383 1278 nus
402 1234 658 1297 ornrusrronnu,
676 1215 712 1279 in
724 1213 782 1278 VI.
800 1213 910 1278 —De
926 1236 992 1300 qua
1007 1219 1175 1300 potestate
1194 1213 1266 1278 lraec
1282 1213 1445 1279 dicenda:

326 1329 356 1391 1.
387 1327 569 1393 Concessio
596 1327 864 1394 dimissoriarum
889 1333 942 1392 est
967 1335 1063 1392 actus
1082 1327 1352 1414 jurisdictionis,
1379 1350 1445 1392 non

324 1441 471 1522 ordinis;
497 1442 588 1507 unde
617 1443 796 1530 episcopus
819 1441 908 1506 huuc
933 1464 1089 1506 exercerc
1115 1448 1242 1528 potest,
1265 1442 1383 1508 statim
1408 1464 1446 1506 ac

324 1556 413 1643 cepit
436 1557 688 1644 possessiouem
708 1555 799 1620 sedis
819 1579 905 1638 suae,
926 1557 1007 1620 licet
1025 1555 1177 1620 noudum
1202 1557 1247 1620 sit
1270 1579 1447 1620 consecra.-

323 1679 398 1750 tus;
418 1708 465 1718 -
481 1670 514 1738 2.
536 1671 668 1736 Pariter
691 1669 977 1757 Metropolitanus
1000 1677 1115 1758 potest
1137 1670 1283 1758 propriis
1302 1669 1446 1735 subditis

323 1782 402 1847 dare
426 1784 652 1866 dimissoriaS,
674 1785 778 1849 etiam
801 1790 985 1872 antequam
1004 1783 1169 1872 receperit
1187 1784 1345 1872 pallium,
1366 1783 1445 1848 licet

322 1905 403 1962 tunc
422 1899 586 1984 temporis
606 1921 675 1963 non
693 1899 802 1986 possit
822 1921 880 1963 eos
899 1899 1066 1962 ordinare.

366 2011 399 2074 lt
422 2012 471 2075 De
496 2012 670 2098 Capitulo,
696 2014 772 2078 sede
796 2021 944 2078 vacante.
968 2051 1012 2062 -·-
1037 2011 1068 2077 1.
1091 2011 1304 2077 Prohibitum
1328 2019 1380 2078 est
1403 2035 1444 2078 nc

322 2125 525 2211 capitulum,
543 2126 623 2191 sede
643 2135 801 2208 vacante,
823 2129 917 2211 infre
932 2128 1088 2213 primum
1103 2149 1232 2191 annum
1251 2128 1442 2209 vacationis,

321 2237 530 2304 dimissorias
561 2241 741 2322 concedat,
767 2241 834 2305 nisi
862 2243 1021 2324 arctetis,·
1046 2247 1181 2305 constat
1211 2264 1306 2306 conc.
1336 2240 1442 2322 Trid.‚

321 2375 395 2440 cap.
412 2354 491 2418 Non
513 2355 620 2439 liccat,
640 2357 693 2436 10,
713 2378 798 2420 sess.
812 2355 888 2436 Vll,
905 2356 955 2420 Dr
971 2375 1234 2436 neronunrrons;
1251 2356 1373 2420 arctati
1388 2377 1442 2420 au-

320 2473 390 2530 tem
405 2467 574 2551 dicuntur,
589 2469 658 2557 qui,
674 2471 850 2535 occasione
864 2469 1020 2535 beneficii
1038 2469 1168 2557 accepti
1187 2469 1243 2534 vel
1258 2469 1442 2557 accipiendi

319 2581 383 2662 (sd
401 2582 493 2670 quod
507 2583 565 2670 jus
584 2582 746 2673 hubent),
768 2591 936 2670 coguntur
955 2585 998 2648 ad
1017 2584 1171 2649 ordinem
1190 2583 1339 2671 aliquem
1361 2584 1444 2648 reci-

319 2695 499 2780 piendum;
521 2735 565 2746 —
585 2698 617 2762 2.
645 2697 749 2762 Poeua
772 2704 901 2762 statuta
921 2704 1039 2762 contra
1060 2697 1247 2784 capitulum
1267 2697 1329 2762 hac
1352 2697 1389 2761 in
1407 2720 1442 2761 re

320 2809 521 2897 delinquens
540 2819 593 2876 est
614 2811 833 2875 interdictum
854 2811 1123 2896 ecclesiasticum,
1147 2818 1185 2876 ut
1205 2818 1339 2876 constat
1364 2811 1438 2875 eod.

319 2946 392 3010 cap.
417 2924 495 2988 Non
517 2925 613 2988 liceat
627 2946 640 2990 .·
662 2951 678 2984 n
698 2923 734 2990 Si
755 2948 853 2990 secus
877 2925 952 3005 liet,
973 2925 1162 3014 capitulum
1181 2925 1442 2990 contraveniens

318 3037 535 3102 ecclesiastico
559 3039 737 3124 subjaceat
764 3039 942 3104 interdicto
953 3057 967 3122 ,·
990 3067 1006 3100 »
1031 3039 1122 3103 unde
1146 3039 1365 3105 interdictum
1389 3047 1441 3104 est

320 3151 395 3213 tete
417 3153 586 3214 sententie
613 3159 647 3215 et
674 3153 776 3216 totale
783 3170 798 3234 ,·
823 3175 900 3216 cum
926 3159 1041 3217 autem
1066 3152 1193 3217 nemini
1218 3153 1263 3218 sit
1290 3176 1441 3219 reserva-

319 3271 408 3344 tum,
434 3264 560 3351 poterit
583 3265 762 3352 episcopus
790 3288 966 3332 successor
990 3265 1076 3330 illud
1098 3267 1235 3348 tollere,
1263 3290 1333 3332 non
1360 3291 1440 3332 vero

319 3376 467 3465 simplex
483 3378 726 3461 confessarum,
748 3379 915 3466 quidquid
940 3379 1058 3445 dicunt
1077 3380 1221 3468 aliqui¹3
1243 3405 1340 3464 narn,
1362 3405 1439 3447 cum

317 3491 534 3556 interdictum
554 3492 639 3557 illud
654 3493 753 3558 cadat
765 3492 891 3560 directe
907 3501 940 3560 et
954 3494 1149 3560 immediate
1169 3497 1204 3560 in
1220 3497 1330 3582 ipsum
1342 3496 1441 3583 Cupi-

318 3607 446 3689 tulum,
469 3606 615 3693 simplex
630 3607 869 3689 consessurius,
886 3607 944 3695 qui
962 3630 1031 3672 non
1051 3607 1154 3674 habet
1167 3609 1439 3698 jurisdictionem

316 3717 350 3781 in
370 3717 583 3806 Capitulum,
610 3721 669 3784 sed
695 3728 830 3785 tantum
854 3720 888 3784 in
918 3721 1071 3808 singulos
1096 3722 1291 3806 canonicos,
1321 3724 1439 3812 nequit

314 3831 401 3896 illud
419 3833 539 3897 tollere
551 3838 573 3899 ².

360 3949 393 4013 5⁰
418 3948 467 4012 De
497 3947 627 4012 Vicerio
657 3948 850 4034 Capitulori
875 3949 950 4014 sede
977 3958 1122 4015 vacante.
1149 3987 1193 4000 --
1217 3950 1302 4043 ltem
1326 3951 1438 4040 prohi-
1534 3977 1537 3982 ’

314 4061 425 4126 bitum
449 4067 501 4126 est
527 4083 569 4125 ne
595 4061 750 4127 Vicarius
781 4063 1002 4150 CapitulariS,
1039 4064 1117 4128 sede
1155 4073 1313 4146 vacante,
1343 4067 1436 4152 infre

345 4236 353 4268 ¹
373 4237 406 4283 V.
422 4251 456 4299 g,
473 4205 639 4293 Pennadchi‚
655 4235 688 4284 In
702 4237 787 4284 const.
801 4235 964 4300 Apostolicoe
977 4237 1066 4296 Sedis,
1084 4241 1103 4286 t.
1120 4255 1151 4298 n,
1165 4255 1192 4301 p.
1207 4244 1261 4288 526.

344 4315 355 4348 ²
372 4314 413 4362 lta
427 4315 595 4374 Thesaurus,
611 4313 649 4362 Dc
661 4313 763 4376 poenr's,
780 4323 810 4360 νῦ
825 4315 909 4372 Ordo,
927 4331 949 4364 e.
964 4329 1020 4373 xix,
1036 4332 1063 4379 p.
1078 4319 1131 4364 sni.
