3290 5060
587 1123 803 1205 CAPUT
840 1122 915 1202 III
976 1145 978 1149 ·

294 1499 341 1552 DE
370 1495 703 1550 EXTRAORDINARIO
732 1493 1004 1549 onnlnnrrouls
1033 1493 1213 1548 MINISTRO

237 1899 283 1963 N.
301 1899 342 1961 B.
359 1935 405 1946 -—
418 1897 465 1962 Ut
480 1919 583 1984 supra
607 1895 736 1960 dictum
755 1901 825 1975 est,
846 1917 881 1959 n.
905 1895 972 1980 2⁷,
993 1892 1171 1981 presbyter
1185 1902 1238 1960 est
1257 1895 1317 1958 mi-

194 2012 302 2077 nister
330 2011 626 2075 ectreordinarius
654 2009 895 2089 ordinationis3
921 2007 1012 2096 quod
1035 2015 1150 2073 temen
1173 2031 1242 2074 non
1266 2015 1340 2090 est,

193 2149 312 2190 verum
332 2125 373 2189 de
394 2125 552 2189 omnihus
570 2121 792 2212 presbyteris,
809 2123 869 2187 sed
888 2122 929 2186 de
948 2123 1167 2208 quibusdem,
1185 2124 1226 2189 de
1245 2124 1319 2212 qui-

194 2239 257 2305 bus
277 2239 460 2305 dicendum
479 2245 542 2304 est.

440 2489 460 2562 ς
480 2490 513 2546 1.
534 2491 588 2548 De
608 2489 804 2546 abbatibus
824 2460 1075 2560 repulurtbuS.

241 2686 308 2755 50.
327 2724 372 2735 -
390 2685 571 2754 Potestas
590 2683 779 2752 abbatum
798 2684 929 2771 quoad
953 2685 1257 2754 ordinationem.
1276 2726 1321 2737 —

197 2800 348 2866 Ahhetes
373 2799 547 2884 reputares
568 2799 622 2886 (de
647 2797 771 2886 quibus
795 2798 878 2862 solis
902 2821 992 2863 nunc
1015 2799 1139 2888 agitur)
1156 2809 1321 2887 potestate

194 2915 340 2999 pollent,
356 2915 442 3000 jure
463 2913 651 2996 communi,
673 2913 870 2998 conserendi
890 2913 1037 2977 subditis
1056 2915 1127 2978 suis
1147 2923 1322 2981 tonsuram

198 3037 229 3092 et
248 3035 401 3114 quatuor
418 3028 553 3092 ordines
574 3027 731 3092 minores.
748 3065 793 3074 —
808 3025 975 3092 Constet:

244 3145 279 3206 10
294 3141 444 3206 Concilio
459 3141 596 3205 Nicaeno
610 3139 733 3228 II.(an.
752 3139 845 3228 787),
863 3163 937 3205 cun.
958 3139 1014 3222 tt,
1033 3141 1067 3205 in
1088 3165 1155 3230 quo
1174 3143 1320 3231 legitur:

200 3283 216 3316 «
238 3255 389 3322 Lectoris
411 3261 525 3320 nutem
549 3277 714 3319 munuum
739 3255 985 3340 impositionem
1008 3254 1104 3338 licet,
1131 3257 1165 3321 in
1188 3260 1324 3347 proprio

202 3369 407 3436 monasterio
430 3375 582 3450 tantum,
603 3369 787 3456 unicuique
812 3370 1006 3433 monasterii
1025 3375 1188 3456 prefecto
1214 3375 1325 3471 (ἡγου-

203 3481 296 3580 μένῳ)
322 3482 449 3563 facere,
475 3481 504 3547 si
527 3481 593 3570 ipsi
615 3482 774 3570 praesecto
798 3481 928 3546 scilicet
953 3480 994 3546 ab
1020 3483 1178 3573 episcopo
1204 3509 1325 3552 manus

203 3603 254 3662 est
277 3595 439 3684 imposita
464 3595 508 3660 ad
532 3595 767 3685 praeiecturnm
793 3595 990 3684 hegumeni,
1017 3597 1098 3662 dum
1125 3600 1169 3663 sit
1194 3607 1228 3665 et
1253 3601 1326 3689 ipse

204 3709 411 3799 presbyter¹.
433 3709 539 3775 »Hoc
559 3716 612 3775 est
633 3709 781 3797 primum
797 3709 1038 3775 documentum
1057 3713 1292 3779 authenticum
1301 3717 1323 3798 2,

234 3905 244 3940 ¹
262 3905 365 3963 nanu,
382 3903 517 3962 Concitiu,
534 3907 554 3954 t.
570 3919 629 3963 xm,
645 3905 696 3953 col.
711 3909 765 3952 753.
780 3905 880 3953 Videas
895 3907 1000 3953 textum
1017 3921 1135 3967 graecum
1151 3909 1223 3971 epud
1238 3909 1329 3960 Balsa-

206 3997 328 4042 monem,
345 3984 468 4032 Genoues
482 3984 668 4046 apostotorum
683 3986 709 4032 et
723 3982 916 4041 conciliorum,
933 3983 960 4030 in
975 3983 1047 4032 hunc
1062 4000 1206 4044 cenoncm3
1224 3987 1327 4050 Migne,

207 4061 237 4110 P.
251 4061 292 4120 0.,
308 4065 328 4111 t.
342 4075 462 4122 cxxxvn,
478 4063 529 4110 cot.
545 4067 604 4120 960,
620 4061 666 4109 ubi
682 4062 764 4110 ctiam
784 4061 872 4123 tegere
887 4064 929 4110 cst
948 4062 1069 4124 ejusdem
1089 4067 1179 4113 textus
1198 4065 1331 4129 interpre-

208 4139 339 4188 tationem
354 4139 534 4199 Belsemonis,
551 4141 662 4188 Zonerae
678 4143 705 4188 ct
717 4139 847 4188 Aristeni.

237 4217 249 4252 ²
265 4217 307 4266 De
322 4218 404 4281 hujus
418 4217 549 4267 ebbstum
565 4219 711 4281 potestatis
725 4217 828 4280 origine
843 4219 980 4276 historice,
997 4219 1031 4267 ct.
1044 4219 1125 4267 etism
1141 4221 1174 4269 D.
1188 4221 1329 4284 Chumsrd,

210 4297 237 4344 in
252 4295 339 4346 Reone
353 4295 402 4344 dee
414 4295 556 4360 questions
570 4295 751 4361 historiques,
764 4295 834 4358 juill.
855 4301 925 4355 1885,
943 4313 968 4359 p.
984 4301 1011 4344 71
1030 4312 1070 4359 sq.
