3290 5060
353 500 398 551 DE
417 496 714 549 nxrnxoaolnanto
733 496 974 548 onninarlouls
993 497 1154 548 MlNlSTRO
1265 493 1313 550 141

189 667 267 732 pere
278 642 565 720 benedictioncm3
579 640 647 705 imo
659 646 833 728 nequeunt
845 639 939 705 illam
952 641 1113 729 recipere,
1126 642 1205 730 quia
1216 641 1317 707 bene-

190 757 293 823 dictio
314 763 367 822 est
381 756 479 845 quasi
495 755 717 836 consecratio,
735 777 811 842 quae
826 762 989 844 perpetua
1008 762 1072 838 est,
1090 763 1124 822 et
1138 758 1214 822 ideo
1230 757 1317 822 male

190 873 337 938 cohaeret
356 871 468 936 officio
487 869 685 958 temporali;
707 870 810 951 unde,
828 871 862 934 in
883 871 1097 935 documentis
1117 851 1192 958 quae
1211 872 1318 959 respi-

191 989 285 1052 ciunt
303 986 367 1050 hos
386 984 542 1066 abbateS,
565 985 607 1050 R.
630 983 814 1048 Pontifices
834 1007 923 1072 saepe
944 992 1065 1051 cavent
1084 985 1126 1049 de
1145 1009 1214 1050 non
1234 987 1319 1051 reoi-

191 1101 313 1188 pienda
329 1099 578 1165 benedictione.
594 1137 639 1148 —
654 1097 813 1180 Proinde,
825 1100 910 1184 jure
929 1100 1113 1184 communi,
1131 1100 1165 1163 hi
1181 1099 1320 1166 abbates

192 1220 366 1303 nequeunt
390 1213 542 1278 conferre
566 1219 744 1277 tonsuram
767 1218 826 1276 aut
849 1213 998 1278 minores
1023 1213 1170 1279 ordines.
1192 1214 1320 1279 Verum

194 1351 282 1416 sape
304 1329 346 1393 R.
370 1327 552 1391 Pontifices
572 1325 641 1390 illis
660 1325 779 1390 cadem
794 1325 872 1412 jura
891 1333 925 1390 et
944 1326 1122 1414 privilegia
1142 1327 1321 1392 conferunt

194 1465 233 1506 ac
253 1440 433 1506 abbatibus
452 1440 644 1528 perpetuis3
668 1440 716 1505 sio
737 1439 910 1526 Eugenius
927 1439 984 1522 lV,
999 1442 1034 1504 in
1054 1440 1148 1506 bulla
1164 1443 1240 1506 Etsi
1255 1465 1321 1528 pro

194 1567 408 1640 cunctorum,
426 1555 571 1642 septimo
586 1553 751 1618 kalendas
765 1553 914 1618 octobris
929 1577 984 1620 an.
1005 1554 1102 1636 1437,
1120 1580 1181 1643 pro
1197 1557 1322 1622 Cister-

195 1668 367 1735 ciensihus
386 1668 551 1756 regularis
570 1667 796 1732 observantiae
815 1667 851 1731 in
867 1668 1049 1755 Hispania,
1067 1669 1108 1734 de
1127 1670 1322 1756 hujusmodi

195 1782 377 1848 abbatibus
397 1781 642 1869 temporalibus
661 1781 817 1870 loquens,
836 1781 908 1848 ait:
931 1808 947 1842 a
966 1781 1120 1848 Abbates
1139 1783 1323 1848 triennales

195 1899 363 1978 existant,
391 1905 426 1963 et
448 1919 509 1984 per
534 1895 719 1962 triennium
743 1896 923 1961 dumtaxat
947 1897 1178 1978 monasteriis,
1201 1897 1324 1986 quibus

197 2011 439 2098 praeficiuntur,
461 2011 613 2099 praesint,
636 2033 694 2074 ncc
719 2032 844 2074 munus
862 2011 1103 2076 benedictionis
1126 2013 1172 2076 eis
1197 2013 1324 2097 impon-

198 2127 314 2208 datur,
337 2133 370 2190 et
389 2125 473 2190 alias
497 2125 603 2213 ipsi...
626 2123 785 2188 omnibus
804 2131 839 2188 et
858 2124 1002 2211 singulis
1022 2125 1218 2206 honoribus
1240 2149 1324 2213 prar-

199 2239 409 2320 cminentiis‚
432 2240 638 2324 privilcpiia,
660 2239 914 2324 praeropativis,
934 2240 1080 2325 juribus
1106 2247 1141 2304 et
1167 2239 1325 2326 insigniis

198 2352 425 2418 abbatialibus
454 2352 550 2440 fungi
578 2351 742 2440 possint¹.
769 2379 785 2413 n
812 2351 864 2418 Cf.
894 2351 997 2416 etiam
1024 2353 1105 2418 Julii
1136 2353 1166 2418 ll
1195 2353 1324 2418 bullam

199 2471 322 2550 Sacra,
345 2473 464 2554 quarto
485 2490 592 2532 nonas
608 2466 686 2554 julii
708 2467 805 2549 1506,
828 2490 862 2532 n.
886 2467 917 2547 9,
939 2465 997 2531 ubi
1017 2489 1176 2554 expresse
1197 2467 1325 2531 eisdem

158 2631 164 2642 .
200 2579 482 2646 Cisterciensibus
506 2579 685 2646 abbatibus
704 2580 929 2646 triennalibus
952 2581 1150 2646 conceditur
1169 2581 1227 2667 jus
1248 2605 1326 2646 con-

200 2695 328 2762 terendi
347 2695 537 2760 clericalem
556 2702 732 2760 tonsuram
742 2699 764 2760 ².
783 2696 826 2760 Et
841 2695 889 2760 sic
904 2695 945 2759 de
965 2693 1118 2783 pluribus
1138 2695 1214 2760 aliis
1230 2695 1326 2762 Ordi-

200 2807 316 2888 nibus,
338 2809 373 2873 in
393 2807 516 2896 quibus
535 2807 676 2874 abbates
696 2815 776 2873 sunt
795 2808 1012 2896 temporales.

240 3118 259 3190 ἓ
279 3119 312 3175 2.
332 3119 385 3175 De
404 3117 609 3175 Abbottbus
628 3117 873 3174 soecularibus
892 3122 928 3174 et
948 3119 1289 3177 commendator-lis.

247 3363 313 3434 56.
333 3403 379 3412 —
402 3361 580 3432 Abbates
604 3361 826 3430 saeoulares.
847 3361 960 3426 —De
984 3360 1037 3425 his
1061 3361 1131 3427 haec
1157 3363 1324 3428 dicenda:

248 3482 282 3542 1ο
299 3479 384 3542 Jure
403 3477 591 3568 communi,
614 3475 746 3540 nullam
768 3476 894 3540 habent
913 3476 1095 3540 ordinandi
1110 3485 1323 3562 potestatem.

202 3632 246 3640 —
265 3592 365 3658 Ratio
387 3599 438 3656 est
457 3591 537 3680 quia
556 3589 708 3671 abbates,
726 3589 862 3678 quibus,
881 3590 915 3654 in
935 3612 1038 3676 supra
1057 3590 1174 3656 relatis
1191 3592 1238 3678 (n.
1258 3592 1326 3681 50)

203 3706 353 3772 textibus
372 3705 506 3770 concilii
526 3704 654 3770 Nicoeni
670 3703 700 3768 ll
721 3710 756 3768 et
775 3727 848 3791 cap.
867 3705 956 3768 Cum
974 3705 1160 3790 continuat,
1178 3707 1256 3771 data
1276 3714 1328 3771 est

204 3820 382 3886 ordinandi
394 3827 558 3907 potestaS,
576 3825 656 3883 sunt
671 3815 811 3883 abbates
827 3818 1012 3902 repuleras,
1031 3819 1191 3884 habentes
1205 3843 1327 3907 nempe

202 3937 382 4020 proprium
403 3934 661 4016 monasterium,
678 3933 733 3996 cui
747 3934 906 4018 praesint,
923 3939 962 3997 ut
981 3955 1139 4019 expresse
1160 3932 1276 3999 dicunt
1293 3934 1328 3997 hi

205 4057 331 4114 textus.
359 4049 463 4113 Porro
487 4045 627 4112 abbates
652 4047 832 4112 saeculares
855 4069 924 4110 non
948 4054 1099 4136 praesunt
1124 4049 1327 4112 monasterio

241 4246 248 4279 ¹
265 4245 366 4308 Reputo
381 4247 406 4294 ct
415 4243 564 4308 privilegia
581 4242 693 4292 Ordinis
708 4241 909 4300 cislerciensis,
927 4242 1098 4305 Autuerpioe,
1115 4247 1184 4302 1630,
1200 4259 1226 4306 p.
1242 4248 1295 4291 262.

241 4325 252 4358 ¹
270 4323 347 4382 loia,
362 4339 388 4387 p.
402 4327 456 4372 298.
