3248 5052
324 455 374 508 648
681 459 723 506 DE
743 457 847 506 ShCRh
866 458 1093 508 ORDlh'thONE

323 602 426 660 animo
456 600 618 660 veritatem
649 606 711 658 tam
741 599 844 678 gravis
872 600 916 658 rei
949 601 1152 660 certissimam
1184 605 1449 668 commonstrare,

323 697 432 756 eodem
452 695 655 756 adhortemur
677 695 798 775 eosqui
819 695 962 755 ordinum
983 705 1077 777 atque
1097 695 1278 756 hierarchia
1300 693 1450 753 beneficia

323 794 443 852 sincera
466 791 628 852 voluntate
652 799 761 871 optent
783 813 818 850 ac
843 793 1014 871 requirant.
1044 793 1149 872 Usque
1172 791 1273 851 adhuc
1299 791 1448 859 sortasse,

324 890 448 948 virtutis
469 887 644 946 christianas
664 887 862 947 intendentes
879 888 1038 960 ardorem,
1057 889 1231 967 religiosius
1250 886 1451 946 consulentes

322 985 446 1044 divinas
461 984 597 1056 litteras,
613 985 679 1064 pias
694 983 890 1063 duplicantes
906 1005 1027 1064 preceS,
1044 983 1154 1043 incerti
1172 993 1274 1042 tamen
1291 983 1452 1042 haeserunt

323 1088 353 1139 ot
368 1081 450 1140 anxii
469 1080 508 1140 ad
524 1101 633 1140 vocem
647 1079 762 1140 Christi
776 1080 897 1162 jamdiu
918 1081 1027 1139 intime
1042 1079 1249 1140 admonentis,
1267 1079 1367 1139 Probe
1381 1079 1449 1158 jam

322 1176 431 1236 vident
446 1197 508 1256 quo
524 1197 556 1236 se
572 1177 673 1236 bonus
689 1177 740 1236 ille
757 1177 867 1236 invitet
882 1197 917 1235 ac
933 1175 1017 1236 velit.
1037 1176 1083 1235 ad
1101 1177 1226 1234 unicum
1242 1176 1309 1256 ejus
1324 1175 1407 1234 ovile
1422 1175 1449 1233 si

323 1273 467 1345 redeant,
485 1281 550 1332 tum
568 1293 643 1332 vero
658 1279 689 1331 et
704 1275 833 1354 quaesita
850 1272 996 1332 beneficia
1017 1273 1188 1332 assecuturi
1205 1279 1277 1331 sunt
1292 1280 1322 1330 et
1337 1285 1446 1330 conse-

322 1371 449 1450 quentia
469 1368 577 1428 salutis
596 1369 754 1448 praesidia,
775 1389 907 1450 quorum
927 1368 1141 1428 administram
1162 1368 1236 1428 lecit
1257 1368 1322 1447 ipse
1343 1367 1449 1425 Eccle-

322 1467 398 1524 siam
414 1465 502 1547 quasi
519 1464 741 1544 redemptionis
756 1485 818 1524 suae
834 1465 996 1524 custodem
1014 1473 1194 1545 perpetuam
1214 1472 1244 1524 et
1260 1463 1449 1544 procuratri-

322 1582 389 1621 cem
405 1561 435 1619 in
451 1562 606 1640 gentibus.
620 1561 699 1620 Tum
712 1581 785 1620 vero
798 1561 947 1620 haurient
960 1581 1061 1644 aquas
1076 1560 1109 1620 in
1121 1559 1240 1644 paudio
1253 1557 1447 1640 defectibus

322 1656 511 1734 Salinatoris,
535 1657 736 1718 sacramentis
761 1657 827 1737 ejus
855 1657 1012 1732 mirificis3
1038 1658 1121 1717 unde
1147 1656 1251 1716 lideles
1278 1656 1388 1715 animae
1416 1655 1446 1714 in

322 1753 490 1813 amicitiam
508 1753 582 1826 Dei,
600 1753 735 1812 remissis
751 1775 823 1812 vere
838 1755 988 1834 peccatiS,
1001 1755 1221 1822 restituuntur,
1237 1752 1352 1811 caelesti
1368 1771 1446 1830 pane

322 1849 449 1909 aluntur
464 1857 496 1908 et
515 1849 713 1920 roborantur,
731 1848 981 1930 adjumentisque
1002 1849 1144 1908 maximis
1164 1848 1297 1908 allluunt
1316 1848 1355 1908 ad
1375 1847 1446 1922 vitas

322 1945 518 2025 adeptionem
538 1954 673 2006 aeternae.
691 1946 829 2014 Quorum
853 1945 1007 2005 bonorum
1028 1967 1133 2004 revera
1155 1945 1310 2016 sitienteS,
1328 1944 1445 2003 utinam

322 2041 407 2101 Deus
430 2040 536 2120 pacis,
567 2042 651 2100 Deus
678 2041 772 2101 totius
797 2041 1020 2101 consolationis
1049 2042 1141 2100 laoiat
1167 2050 1328 2121 compotes
1355 2047 1446 2120 atque

322 2137 446 2217 expleat
475 2138 693 2217 perbenignus
724 2138 942 2198 llortationem
970 2159 1045 2198 vero
1069 2139 1213 2197 Nostram
1240 2146 1272 2196 et
1298 2145 1369 2196 vota
1394 2155 1446 2194 eos

323 2235 473 2312 majorem
491 2234 520 2292 in
538 2234 663 2292 modum
684 2243 824 2314 spectare
840 2234 999 2307 volumuS,
1017 2235 1071 2314 qui
1091 2233 1249 2312 religionis
1270 2232 1399 2292 ministri
1415 2231 1446 2288 in

323 2330 602 2390 communitatibus
623 2331 687 2390 suis
707 2331 873 2391 habentur.
897 2331 1047 2390 llomines
1067 2353 1104 2390 ex
1125 2332 1193 2411 ipso
1213 2330 1314 2390 officio
1333 2348 1446 2410 praece-

323 2427 432 2486 dentes
448 2426 590 2486 doctrina
610 2434 642 2486 et
661 2428 863 2494 auctoritate,
881 2427 994 2508 quibus
1013 2428 1155 2508 prolecto
1175 2426 1260 2486 cordi
1281 2433 1327 2484 est
1342 2424 1445 2483 divina

323 2523 421 2600 gloria
441 2531 471 2582 et
491 2523 665 2582 animarum
689 2523 787 2596 saluS,
806 2522 904 2582 velint
924 2523 1042 2583 alacres
1062 2524 1188 2584 vocanti
1202 2524 1269 2582 Deo
1289 2541 1395 2602 parere
1415 2520 1445 2577 in

324 2619 433 2700 primis
448 2627 478 2678 et
493 2620 641 2698 obsequi,
658 2619 905 2700 praeclarumque
921 2620 959 2679 de
975 2641 1007 2679 se
1023 2621 1114 2679 edere
1130 2620 1317 2699 exemplum.
1335 2617 1446 2695 Singu-

324 2715 380 2774 lari
397 2723 481 2774 certe
497 2716 602 2774 laetitia
619 2737 671 2774 eos
687 2715 823 2774 Ecclesia
839 2723 939 2774 mater
953 2716 1087 2796 excipiet
1102 2717 1249 2796 omnique
1262 2714 1448 2794 complecte-

325 2819 376 2871 tur
391 2811 530 2871 bonitate
546 2821 574 2870 et
592 2811 804 2892 providentia,
821 2812 937 2891 quippe
953 2833 1032 2892 quos
1047 2833 1103 2892 per
1117 2811 1230 2872 arduas
1251 2832 1354 2870 rerum
1369 2810 1449 2869 dilli-

326 2909 457 2966 cultates
478 2909 577 2967 virtus
598 2909 691 2966 animi
712 2908 892 2987 generosior
912 2908 951 2968 ad
973 2909 1075 2967 sinum
1098 2929 1189 2967 suum
1211 2907 1379 2968 reduxerit.
1405 2906 1449 2964 Ex

327 3005 384 3062 hac
400 3025 474 3062 vero
491 3005 607 3063 virtute
622 3004 681 3063 dici
699 3006 750 3062 rix
767 3013 886 3084 potest,
903 3025 973 3086 quae
994 3005 1078 3085 ipsos
1094 3004 1160 3064 laus
1180 3011 1303 3063 maneat
1319 3004 1349 3062 in
1364 3003 1450 3061 corti-

327 3100 384 3158 bus
397 3099 528 3158 fratrum
541 3120 597 3178 per
610 3100 797 3160 catholicum
812 3101 934 3172 orbem,
948 3121 1017 3181 quae
1031 3099 1199 3180 aliquando
1212 3121 1282 3179 spes
1295 3107 1325 3158 et
1339 3099 1450 3158 fiducia

327 3203 399 3255 ante
420 3195 580 3254 Christum
597 3195 753 3276 judicem,
771 3217 840 3276 quae
860 3197 899 3256 ab
921 3195 974 3254 illo
995 3197 1120 3276 praemia
1143 3197 1175 3254 in
1198 3217 1294 3274 regno
1316 3195 1449 3254 caelestil

328 3293 392 3351 Nos
416 3292 558 3372 quidem,
580 3301 731 3373 quantum
753 3293 835 3352 omni
856 3313 914 3373 ope
935 3293 1072 3366 licuerit,
1093 3313 1202 3352 eorum
1223 3313 1293 3352 cum
1314 3291 1451 3352 Ecclesia

327 3389 611 3448 recohciliationem
634 3387 740 3447 lovere
767 3410 829 3447 non
854 3388 1058 3462 desistemus;
1085 3409 1122 3447 ex
1146 3410 1207 3469 qua
1231 3397 1263 3448 et
1285 3387 1398 3465 singuli
1422 3395 1453 3446 et

328 3484 469 3557 ordines,
487 3485 517 3542 id
533 3483 617 3565 quod
638 3485 838 3543 vehementer
857 3485 1015 3564 cupimuS,
1033 3484 1166 3544 multum
1182 3491 1313 3565 possunt
1333 3483 1370 3543 ad
1386 3483 1453 3541 imi-

328 3580 469 3640 tandum.
487 3581 608 3639 lnterea
624 3580 764 3640 veritatis
785 3581 955 3661 gratiaque
974 3581 1087 3640 divinae
1103 3587 1261 3661 patentem
1277 3599 1401 3640 cursum
1419 3587 1454 3638 ut

328 3676 499 3735 secundare
525 3675 718 3735 contendant
745 3676 889 3748 fideliter,
919 3697 974 3756 per
1000 3677 1120 3736 viscera
1146 3675 1368 3737 misericordiae
1396 3675 1452 3733 Dei

328 3773 426 3832 nostri
442 3792 587 3850 rogamus
602 3793 710 3830 omnes
725 3781 756 3830 et
771 3772 981 3832 obsecramus

370 3869 541 3927 Pra=sentes
558 3889 632 3926 vero
652 3869 770 3928 litteras
786 3875 817 3928 et
832 3889 1037 3950 quaecumque
1058 3871 1088 3928 in
1105 3869 1179 3950 ipsis
1199 3869 1353 3928 habentur
1367 3867 1453 3927 nullo

330 3985 467 4045 unquam
485 3973 623 4044 tempore
639 3964 677 4023 de
693 3965 903 4044 subreptionis
916 3973 970 4025 aut
984 3965 1178 4044 obreptionis
1192 3965 1257 4024 sive
1271 3965 1454 4024 intentionis

330 4063 451 4120 Nosne
471 4061 547 4120 vitio
569 4060 669 4120 aliove
684 4061 796 4141 quovis
816 4061 939 4120 delectu
958 4061 1059 4121 notari
1079 4061 1129 4120 vel
1149 4061 1325 4142 impugnari
1345 4080 1451 4140 posse,

329 4159 381 4218 sed
397 4179 520 4236 semper
535 4157 652 4216 validas
668 4165 696 4215 et
714 4158 744 4214 in
761 4177 817 4216 suo
838 4157 949 4216 robore
966 4157 1031 4217 lore
1048 4166 1077 4217 et
1093 4179 1175 4230 esse,
1194 4166 1287 4238 atque
1301 4157 1340 4217 ab
1355 4157 1454 4215 omni-

329 4255 386 4313 bus
402 4253 539 4333 cujusvis
560 4253 675 4332 gradus
695 4261 725 4311 et
741 4254 982 4332 praeeminentiae
1003 4254 1226 4318 inviolabiliter
1240 4253 1404 4334 injudicio
1422 4261 1454 4312 et
