3300 5056
330 467 383 520 206
599 467 642 517 DE
660 465 800 518 LEGIBUS
818 465 933 516 8ΑοΒῶ
951 464 1189 515 explanatores

332 611 451 694 Quoad
470 611 538 676 alia
557 611 737 696 adjuncta,
759 632 834 697 quae
853 608 896 673 ad
916 631 988 674 rem
1005 608 1174 697 pertinere
1194 615 1335 696 queant,
1352 631 1386 672 v.
1404 631 1455 695 g.,

332 728 460 792 natales
465 777 476 810 ,
499 747 635 791 morum
655 725 919 806 institutionem,
936 724 1025 787 dona
1043 723 1335 808 supernaturalia,
1352 730 1419 788 etc.
1432 726 1453 788 ¹.

376 955 445 1023 80.
465 993 509 1003 -
531 953 761 1021 Vocationis
787 952 1001 1020 necessitas
1021 957 1066 1018 ut
1083 952 1174 1038 quis
1198 950 1457 1037 amplectatur

331 1076 479 1137 statum
498 1067 735 1136 clericalem.
755 1067 960 1131 —Certum
984 1067 1120 1130 omnino
1144 1073 1193 1130 est
1216 1066 1347 1151 requiri
1371 1065 1457 1128 divi-

334 1207 412 1248 nam
428 1184 649 1264 vocationem,
670 1191 707 1245 ut
721 1182 799 1266 quis
814 1181 1040 1264 amplectatur
1053 1189 1182 1244 statum
1196 1179 1395 1244 clericalem.
1412 1217 1457 1227 -

333 1297 420 1362 Cum
443 1319 498 1362 res
524 1296 662 1362 tandem
690 1295 872 1382 aliquando
896 1294 1043 1383 pendeat
1067 1319 1086 1358 a
1110 1293 1288 1358 voluntate
1313 1293 1453 1373 Christi,

332 1411 538 1476 institutoris
558 1409 753 1490 sacerdotii,
775 1409 962 1497 propositio
986 1407 1250 1473 demonstranda
1272 1415 1325 1472 est
1345 1407 1457 1495 praeci-

332 1549 398 1613 pue
418 1525 593 1614 Scriptura
611 1524 714 1590 Sacra
734 1529 768 1587 et
789 1521 1001 1587 documentis
1017 1523 1157 1588 Patrum
1172 1529 1206 1586 el
1221 1521 1455 1587 ecclesiasticae

334 1639 537 1705 traditionis.
562 1639 823 1703 Demonstratur
842 1660 922 1724 ergo
942 1637 1156 1724 propositio:

337 1815 340 1820 .
380 1757 414 1819 10
428 1753 609 1839 Scriptura
624 1752 729 1818 Sacra
747 1771 755 1816 :
775 1750 805 1818 l.
825 1751 920 1816 Dixit
935 1752 970 1817 S.
989 1751 1132 1834 Paulus,
1150 1751 1270 1833 Hebe,
1290 1772 1324 1832 v,
1344 1751 1362 1814 l
1379 1772 1430 1837 sq.
1446 1769 1454 1814 :

336 1898 351 1930 ι(
369 1869 438 1934 Nec
454 1868 635 1955 quisquam
651 1867 756 1932 sumit
770 1865 835 1930 sibi
848 1865 1023 1947 honorem,
1040 1864 1101 1930 sed
1113 1866 1172 1954 qui
1184 1873 1355 1930 vocatura
1371 1865 1454 1944 Deo,

336 1992 499 2070 tanquam
518 1981 646 2046 Aaron.
669 1981 725 2046 Sic
744 1986 779 2044 et
800 1979 973 2062 ChristuS‚
996 1987 1061 2044 etc.
1088 2007 1103 2041 n
1125 1979 1189 2044 Hic
1209 1981 1321 2067 agitur
1339 1979 1381 2044 de
1401 1979 1457 2042 lto-

335 2119 414 2160 nore
430 2093 610 2160 sacerdotii
631 2092 703 2190 (τὴν
722 2092 851 2190 τιμὴν),
870 2093 912 2157 de
928 2117 995 2180 quo
1009 2092 1082 2157 solo
1095 2093 1150 2169 hic
1162 2093 1313 2180 loquitur
1325 2098 1458 2182 aposto-

332 2211 398 2290 luS,
417 2209 514 2295 cujus
530 2208 703 2273 notionem
720 2231 820 2295 supra
837 2206 939 2294 (vers.
958 2207 989 2295 l)
1007 2206 1208 2288 tradiderat,
1223 2214 1258 2271 et
1271 2207 1457 2296 praecipuos

333 2327 418 2388 lines
438 2323 700 2410 indigitaverat;
723 2343 840 2408 porro,
862 2321 904 2386 de
924 2321 988 2385 hoc
1007 2321 1135 2385 honore
1155 2320 1238 2385 dicit
1257 2321 1455 2409 Apostolus,

333 2439 503 2502 neminem
525 2435 589 2500 sibi
609 2459 687 2500 eum
704 2439 839 2500 'sumere
859 2459 975 2522 posse,
998 2435 1059 2500 sed
1077 2443 1211 2500 tantum
1236 2437 1297 2522 qui
1320 2443 1458 2499 vocatur

331 2577 351 2616 a
371 2553 440 2616 Deo
451 2571 464 2634 ,¹
483 2559 517 2616 et
537 2558 575 2615 ut
595 2550 759 2638 majorem
777 2549 849 2614 vim
868 2548 991 2614 habeat
1010 2547 1271 2632 demonstratio,
1293 2549 1353 2614 dat
1374 2549 1459 2614 Pau-

333 2666 389 2730 lus
415 2664 610 2752 exemplum
635 2663 800 2744 Aaronis,
828 2663 886 2752 qui
911 2687 1030 2728 revera
1054 2662 1137 2745 tuit,
1163 2687 1241 2728 cum
1265 2664 1344 2728 filiis
1369 2663 1456 2743 suis,

333 2781 460 2845 directe
489 2785 525 2844 et
553 2778 748 2842 immediate
777 2785 919 2841 vocatus
947 2800 967 2842 a
996 2778 1084 2858 Deo,
1116 2786 1150 2842 et
1179 2780 1225 2842 ita
1255 2778 1392 2865 quidem
1421 2783 1459 2841 ui

333 2896 426 2959 Deus
446 2893 595 2957 minatus
616 2891 717 2956 fuerit
737 2899 882 2956 mortem
902 2899 1079 2973 extraneo,
1103 2891 1161 2978 qui
1185 2893 1459 2980 praesumpsisset

333 3029 466 3071 sumere
486 3005 551 3070 sibi
570 3006 733 3070 honorem
751 3026 758 3070 :
779 3007 928 3070 «Aaron
949 3013 1064 3069 autem
1083 3013 1116 3070 et
1136 3005 1224 3069 filios
1243 3005 1317 3092 ejus
1337 3005 1459 3070 consti-

334 3129 410 3186 tues
430 3143 532 3206 super
550 3120 682 3184 cultum
706 3119 897 3184 sacerdotii.
922 3121 1092 3184 Externus
1117 3119 1175 3207 qui
1199 3119 1243 3184 ad
1266 3120 1459 3184 ministran-

333 3235 415 3298 dum
435 3233 632 3313 accesserit,
654 3233 817 3297 morietur
839 3233 973 3320 (Num,
991 3255 1040 3314 111,
1061 3233 1132 3320 10).
1154 3260 1170 3294 n
1191 3235 1261 3299 Nec
1280 3227 1373 3298 dicas
1392 3257 1458 3298 non

332 3372 409 3412 esse
436 3347 590 3435 regulam
617 3347 690 3412 sine
716 3347 932 3434 exceptione,
958 3354 993 3411 et
1018 3347 1162 3434 proinde
1185 3347 1291 3412 verba
1315 3348 1459 3436 apostoli

335 3463 495 3548 restringi
518 3483 635 3550 posse3
662 3485 758 3541 nam,
781 3461 899 3549 procul
923 3459 1044 3542 dubio,
1071 3462 1201 3548 siquis
1226 3463 1326 3526 homo
1352 3463 1459 3550 excipi

334 3575 456 3641 debeat
485 3599 503 3640 a
532 3577 607 3661 lege
635 3575 841 3655 vocationiS‚
872 3581 924 3639 est
955 3573 1112 3639 Christus
1144 3575 1332 3657 Dominus;
1360 3599 1458 3665 porro

335 3713 397 3755 nec
417 3690 531 3776 ipsum
551 3695 731 3775 exceptum
750 3688 854 3753 luisse
874 3711 892 3752 a
912 3688 988 3775 lege
1008 3689 1197 3754 vocationis
1217 3713 1374 3779 expresse
1396 3699 1459 3756 tra-

336 3801 386 3865 dit
405 3798 605 3887 apostolus:
629 3825 644 3859 «
668 3798 723 3862 Sic
743 3806 777 3862 et
796 3797 952 3864 Christus
971 3819 1039 3863 non
1060 3800 1281 3887 semetipsum
1300 3801 1460 3865 clarifica-

335 3916 386 3979 vit
404 3921 443 3978 ut
462 3911 615 3999 pontifex
634 3913 746 3994 lieret,
770 3913 830 3976 sed
854 3913 912 4000 qui
937 3914 1071 3978 locutus
1096 3914 1210 3979 estad
1230 3933 1332 3978 eum:
1355 3913 1459 3978 Filius

337 4050 487 4093 meuses
508 4035 587 4091 tu...
609 4027 660 4090 Tu
680 4049 716 4091 es
736 4027 893 4091 sacerdos
912 4027 947 4090 in
971 4035 1136 4091 aeternum
1162 4027 1348 4092 secundum
1373 4028 1465 4112 ordi-¹

369 4205 377 4238 ¹
397 4205 454 4254 lmo
473 4205 540 4252 dicit
560 4203 664 4251 llabcrt
684 4204 748 4266 (loc.
765 4203 820 4261 eit,
837 4219 863 4266 p.
880 4203 939 4267 399)
956 4203 1042 4251 Deum
1063 4219 1216 4267 praeparere
1236 4204 1308 4268 ipsos
1326 4205 1458 4264 subditos,

338 4288 367 4332 ul
382 4299 429 4332 cor
443 4284 529 4331 docile
545 4281 663 4330 habeant
678 4283 711 4328 ad
726 4282 907 4330 obediendum
922 4281 1009 4330 electo
1022 4283 1133 4344 pastori.
