3290 5060
346 498 397 550 132
611 501 655 551 DE
674 499 812 550 LEGIBUS
832 499 946 551 SACRAE
965 500 1200 552 onninarlorus

345 644 447 726 lares,
469 651 508 709 ut
531 650 666 709 constat
689 667 762 732 cap.
785 643 953 728 Abbates,
977 643 1013 721 3,
1041 644 1092 708 Du
1113 665 1318 726 rnrvrnssus,
1340 645 1375 709 in
1395 645 1467 712 Vl:

346 785 361 816 «
379 759 448 823 Nec
468 758 516 822 eis
533 756 738 848 (abbatibus)
755 757 887 822 licitum
907 758 951 822 sit
970 757 1045 822 aliis
1064 781 1167 846 quam
1186 759 1469 824 monasteriorum

344 895 481 937 suorum
501 872 685 954 conversis,
709 878 743 937 et
762 871 821 960 qui
841 872 883 936 ad
902 871 961 936 illa
981 871 1252 954 convolaverint,
1275 879 1309 938 et
1328 874 1362 937 in
1383 896 1471 960 quos

342 987 596 1052 ecclesiasticam
611 994 642 1050 et
657 987 756 1074 quasi
770 987 991 1072 episcopatem
1003 987 1282 1072 jurisdictionem
1297 988 1466 1070 obtinent,

343 1101 485 1190 primam
518 1099 708 1166 clericalem
742 1099 893 1164 conlerre
927 1107 1113 1164 tonsuram.
1143 1128 1159 1160 »
1191 1099 1258 1166 Sed
1286 1100 1469 1166 concilium

342 1215 448 1297 Trid,
484 1215 540 1280 cit.
577 1238 650 1302 cap.
683 1215 895 1298 Abbatibus‚
930 1214 986 1295 10,
1022 1237 1106 1280 sess.
1138 1213 1267 1296 XXlll,
1299 1216 1349 1280 Du
1378 1235 1464 1296 nun,

341 1329 516 1395 restrinxit
536 1351 652 1394 eorum
675 1335 879 1416 potestatem
898 1328 941 1393 ad
960 1351 1079 1392 eorum
1101 1328 1255 1394 subditos
1275 1329 1464 1415 requieres,

341 1445 394 1508 his
413 1443 525 1508 verbis
545 1442 769 1508 clarissimis:
793 1469 809 1502 a
827 1441 1060 1508 Abbatibus...
1082 1465 1150 1507 non
1174 1443 1274 1508 liceat
1297 1443 1332 1507 in
1350 1450 1466 1530 poste-

340 1583 472 1639 rum...,
494 1557 651 1645 cuiquam
675 1556 733 1644 qui
759 1555 927 1641 requieris
950 1557 1108 1620 subditus
1130 1557 1196 1621 sibi
1221 1579 1286 1621 non
1310 1558 1370 1640 sit,
1391 1565 1465 1622 ton-

340 1696 453 1738 suram
472 1671 527 1736 vel
548 1671 695 1736 minores
714 1669 850 1734 ordines
870 1669 1032 1735 conferre.
1059 1697 1074 1730 a
1094 1670 1217 1737 Unde:

386 1786 419 1849 l0
447 1786 523 1850 Non
550 1792 665 1872 potest
694 1783 842 1872 amplius
876 1782 980 1848 abbas
1011 1784 1167 1848 ordinare
1201 1783 1356 1850 subditos
1384 1808 1464 1849 suos

336 1901 523 1965 saculares.

382 2014 416 2076 2⁰
435 2014 510 2078 Non
530 2020 643 2099 potest
663 2011 817 2078 ordinare
842 2036 923 2078 suos
948 2013 1104 2096 novitios,
1127 2013 1206 2101 quia
1226 2012 1376 2077 novitius
1394 2014 1463 2075 non

337 2133 389 2191 est
418 2125 574 2191 subditus
604 2127 794 2212 requieris,·
819 2127 910 2214 quod
940 2127 1160 2191 confirmatur
1185 2150 1226 2192 ex
1257 2125 1463 2191 resolutione

239 2309 240 2312 ,
337 2241 372 2306 S.
391 2241 516 2326 Congr.
536 2238 655 2318 Cone,
674 2241 709 2304 in
723 2240 908 2324 Mutinae„
928 2239 967 2304 lb
981 2241 1061 2304 maii
1079 2239 1177 2320 1689,
1194 2239 1229 2303 in
1244 2263 1311 2328 qua
1323 2262 1463 2327 respon-

336 2353 559 2418 ditobtatum
578 2354 761 2442 quemdam
785 2377 855 2418 non
879 2353 984 2419 luisse
1004 2353 1094 2418 licite
1115 2353 1158 2419 ab
1181 2353 1303 2419 abbate
1328 2353 1462 2418 ordina·

337 2475 420 2546 tum,
443 2468 521 2556 quia
541 2468 577 2532 S.
600 2468 829 2556 Congregatio
851 2494 866 2528 α
886 2491 955 2532 non
974 2467 1093 2533 habuit
1113 2466 1265 2532 oblatum
1284 2467 1383 2532 illum
1402 2491 1462 2555 pro

336 2582 472 2647 subdito
503 2581 671 2666 requieti,
703 2605 781 2646 cum
811 2605 877 2646 non
901 2587 1079 2667 professus
1105 2583 1214 2668 fuerit
1239 2583 1351 2646 tribus
1379 2581 1463 2646 votis

336 2697 553 2778 solemnibus,
575 2705 607 2759 et
626 2697 807 2761 concilium
822 2697 1041 2781 praeservavit
1060 2697 1262 2781 facultatem
1281 2696 1463 2760 ordinandi
1522 2726 1531 2744 ·

336 2812 380 2875 ad
398 2810 551 2874 subditos
572 2811 756 2896 requieres.
778 2815 814 2870 »¹
831 2809 938 2897 Atqui
958 2810 1084 2896 pariter
1102 2810 1252 2876 novitius
1272 2810 1367 2875 nulla
1382 2817 1462 2874 vota

338 2924 508 3012 professus
529 2930 591 2989 est.

369 3039 417 3104 '3⁰
437 3039 555 3103 Potest
578 3037 734 3103 ordinare
759 3062 839 3103 suos
859 3044 1033 3125 professos
1055 3038 1263 3122 solemniter,
1285 3045 1324 3103 ut
1346 3044 1460 3126 patet3

338 3151 397 3216 sed
417 3153 519 3216 etiam
538 3153 616 3217 illos
635 3153 709 3240 qui,
730 3152 775 3216 ad
798 3176 952 3218 normam
978 3152 1149 3216 hodiernae
1168 3152 1373 3239 disciplinae,
1397 3152 1463 3215 tria

337 3275 412 3328 vota
434 3267 600 3351 simplicia
620 3265 799 3330 triennalis
819 3266 1021 3347 emiserunt3
1044 3266 1124 3331 licet
1144 3266 1234 3331 enim
1254 3265 1463 3354 probabilius

338 3379 371 3442 hi
398 3402 465 3443 non
492 3380 560 3444 sint
586 3380 759 3464 requlares
784 3382 899 3444 stricte
926 3381 1022 3464 dicti,
1052 3388 1202 3445 attamen
1229 3379 1356 3444 subditi
1383 3386 1463 3444 sunt

338 3493 449 3581 quoad
478 3493 726 3557 ordinationem
753 3501 902 3558 tonsurae
930 3501 964 3558 et
992 3501 1139 3582 quatuor
1167 3493 1324 3558 ordinum
1352 3495 1463 3558 mino-

339 3627 431 3686 runr;
457 3631 536 3673 nam
559 3607 721 3695 praelatus
747 3607 913 3694 regularis
939 3615 1053 3694 potest
1078 3608 1130 3672 bis
1154 3607 1317 3696 professis
1342 3631 1463 3672 conce-

339 3722 416 3787 dere
449 3721 582 3787 litteras
614 3721 856 3786 dimissoriales
884 3744 944 3809 pro
977 3721 1034 3786 his
1067 3722 1260 3803 ordinibus;
1295 3722 1402 3803 unde,
1434 3722 1463 3785 si

339 3836 498 3924 praelatus
522 3835 567 3899 sit
593 3833 712 3918 abbas,
741 3842 855 3923 potest
881 3836 943 3900 hos
970 3836 1105 3907 ordines
1132 3837 1180 3901 eis
1206 3859 1267 3923 per
1290 3859 1326 3901 se
1349 3837 1464 3922 ipsum

339 3951 502 4016 conterre.
529 3949 581 4014 Ita
604 3949 706 4013 etiam
732 3949 941 4030 Pennacchi,
967 3949 1061 4032 Piat,
1084 3951 1187 4016 eto’.

370 4087 380 4123 ¹
398 4088 478 4150 Apud
493 4087 586 4146 Petra,
602 4085 651 4135 loc.
665 4085 720 4142 cit,
737 4101 763 4136 n.
780 4090 822 4146 10,
839 4103 865 4149 p.
880 4091 933 4136 161.

368 4166 561 4224 ΙΡοηηεοοΙιί,
584 4165 616 4214 ln
637 4163 858 4214 constitutionem
871 4164 1032 4228 Apostolicae
1053 4165 1142 4224 Sedu,
1164 4165 1271 4224 Romus,
1292 4169 1366 4223 1883,
1387 4168 1407 4213 t.
1426 4181 1462 4225 rr,

336 4257 364 4308 p.
381 4249 439 4304 185;
454 4271 486 4281 -
500 4245 572 4302 Fiat,
587 4242 777 4292 Praeteetiones
787 4243 864 4307 juris
877 4243 1031 4308 nequieris,
1048 4245 1176 4304 Ternarii,
1193 4248 1268 4303 1898,
1284 4245 1303 4292 t.
1314 4259 1347 4303 u,
1362 4257 1390 4307 p.
1405 4249 1462 4293 151.

340 4353 366 4360 -
382 4324 482 4374 Contra
497 4322 637 4386 Gusparri,
654 4337 680 4371 n.
695 4325 754 4382 919,
771 4321 894 4382 Parisiis,
910 4327 985 4382 1898,
1001 4325 1022 4370 t.
1039 4338 1070 4382 n,
1086 4337 1112 4386 p.
1126 4325 1181 4371 189.
