3316 5052
313 435 366 488 aro
424 423 427 430 '
581 437 625 488 os
644 436 783 488 seorsus
803 435 916 487 saona
935 433 1170 486 onninamente

314 589 413 645 natus
441 588 505 660 est,
536 601 668 644 morem
695 580 856 662 traxerit,
886 587 924 644 ut
949 578 1103 664 potuerit
1130 578 1255 642 ibidem
1280 579 1440 641 canonico

312 695 429 780 atiquo
449 694 688 779 impedimento
709 695 855 774 irretiri,
872 700 954 758 tune
974 692 1076 758 etiam
1096 691 1140 756 ab
1161 692 1343 756 Ordinario
1362 694 1440 778 ejus

313 809 377 873 toci
397 809 527 874 litteras
547 808 801 892 testimoniales,
822 813 994 895 utsupra,
1015 805 1181 886 obtinere,
1203 806 1347 894 illasque
1365 806 1439 893 epi-

312 944 415 1008 scopo
430 922 617 1003 ordinanti,
633 944 695 1009 per
709 945 787 987 eum
803 923 837 986 in
853 921 1055 986 collatorum
1070 921 1226 984 ordinum
1242 919 1440 986 testimonio

312 1035 468 1101 similiter
487 1037 728 1116 recensendam,
748 1043 955 1124 praesentare
973 1037 1159 1100 teneatur¹.
1182 1062 1197 1094 »

357 1151 392 1216 3ο
412 1149 464 1215 Pii
484 1149 530 1216 IX
550 1149 644 1215 bulla
663 1149 864 1236 Apostolica
883 1149 991 1234 Sedis,
1014 1157 1135 1237 quarto
1153 1149 1232 1214 idus
1250 1155 1316 1214 oct.
1336 1147 1435 1227 1869,

311 1265 360 1330 De
392 1265 682 1350 suspensionibus,
714 1287 748 1330 n.
783 1265 820 1344 3,
856 1263 1006 1328 statuit:
1044 1289 1059 1322 n
1082 1263 1344 1350 suspensionem
1378 1286 1440 1350 per

311 1401 438 1444 annum
468 1378 510 1444 ab
542 1377 699 1442 ordinum
729 1377 1022 1443 administratione
1054 1378 1128 1464 ipso
1154 1377 1232 1464 jure
1262 1378 1438 1442 incurrunt

311 1493 546 1558 ordinantes...
574 1491 746 1556 subditum
770 1493 961 1580 proprium,
983 1491 1041 1580 qui
1064 1493 1148 1556 alibi
1173 1500 1265 1556 tanto
1290 1501 1439 1576 tempore

312 1614 464 1670 moratus
487 1608 548 1688 sit,
577 1615 613 1670 ut
637 1607 835 1670 canonicum
861 1607 1139 1691 impedimentum
1167 1606 1366 1671 contradere
1391 1605 1438 1668 ihi

305 1721 476 1804 potuerit,
509 1720 636 1806 absque
669 1721 844 1785 (trdinarii
876 1723 952 1808 ejus
985 1719 1046 1784 toci
1078 1721 1199 1784 titteris
1230 1719 1438 1783 testimonia-

312 1834 432 1900 libus&
454 1863 470 1895 n

354 1948 400 2012 Ν.
418 1949 459 2012 B.
473 1948 565 2014 -Si
580 1949 656 2036 quis
670 1949 758 2012 inter
770 1973 806 2013 se
819 1949 971 2013 conferat
982 1971 1042 2014 sex
1058 1947 1116 2013 iila
1129 1948 1234 2014 relata
1244 1948 1331 2028 loca,
1344 1948 1437 2013 vide-

309 2059 362 2125 bit
387 2061 499 2146 legem
526 2061 668 2127 Pianam
693 2085 811 2127 omnes
837 2061 922 2127 alias
948 2063 981 2127 in
1009 2085 1071 2127 sua
1096 2061 1320 2150 amplitudine
1346 2084 1437 2126 com-

309 2174 429 2260 plecti,
458 2175 526 2248 imo
555 2175 664 2242 multo
693 2177 828 2264 longius
854 2176 1053 2264 procedere,
1083 2176 1112 2240 si
1142 2184 1255 2241 tamen
1287 2175 1438 2262 excipias

309 2311 426 2352 casum
446 2290 594 2378 episcopi
614 2291 804 2355 ordinantis
823 2293 953 2356 ratione
967 2293 1131 2375 beneficii,
1149 2291 1207 2378 qui
1222 2298 1299 2376 eget
1313 2289 1438 2354 litteris

309 2402 595 2470 testimonialibus
623 2405 774 2492 episcopi
802 2407 944 2490 oripinis
972 2405 1006 2469 in
1033 2427 1248 2493 quocumque
1276 2427 1373 2484 casu,
1402 2412 1437 2470 et

308 2516 449 2603 proinde
469 2518 600 2582 etiamsi
621 2519 830 2584 ordinandus
850 2543 867 2584 e
887 2519 961 2586 loco
986 2519 1126 2604 originis
1146 2518 1339 2583 discesserit
1358 2527 1436 2584 ante

310 2632 537 2718 septennium.
561 2633 633 2697 Hoc
657 2656 737 2719 ergo
761 2655 843 2698 casu
867 2641 1026 2720 excepto,
1047 2633 1082 2697 in
1102 2633 1197 2720 praxi
1221 2631 1289 2697 iere
1312 2631 1437 2697 sufficit

310 2746 483 2810 attendere
505 2747 547 2810 ad
567 2747 678 2832 legem
703 2748 858 2812 Pinnem.
880 2746 1010 2811 -Sed
1034 2747 1105 2811 herc
1129 2746 1185 2812 lex
1203 2753 1281 2833 eget
1302 2747 1436 2833 exposi-

308 2859 413 2924 tione.

356 3088 450 3154 122.
467 3127 510 3135 —-
526 3088 751 3165 Quaeritur:
774 3089 814 3157 1⁰
830 3087 1009 3164 Quodnam
1028 3089 1072 3153 sit
1092 3087 1179 3152 iliud
1199 3095 1330 3173 tempus
1348 3107 1438 3152 com-

311 3202 507 3265 morationis
539 3203 573 3265 in
604 3203 713 3266 atiena
739 3203 886 3284 dioecesi,
915 3203 1008 3288 quod
1037 3202 1189 3286 sufficiat
1219 3207 1255 3266 ut
1280 3201 1359 3286 quis
1388 3201 1438 3265 ihi

309 3315 507 3378 canonicum
528 3318 807 3402 impedimentum
826 3317 1026 3380 coritraliere
1040 3317 1204 3402 potuerit.

355 3428 482 3513 Hesp:
502 3431 545 3494 A.
570 3429 608 3494 In
627 3453 750 3516 genere
771 3430 907 3518 (nempe
927 3437 1023 3495 extra
1043 3453 1159 3495 casum
1178 3429 1219 3494 de
1239 3451 1306 3516 quo
1325 3429 1439 3516 agitur

311 3541 344 3605 in
365 3543 584 3629 responsione
604 3543 663 3632 B),
685 3533 822 3632 tempus
840 3543 927 3610 iilud
951 3551 1003 3610 est
1026 3567 1086 3609 ser:
1110 3544 1293 3624 niensium,
1314 3549 1354 3608 ut
1371 3541 1437 3606 iert

310 3657 517 3739 eommunis,
551 3659 618 3722 imo
654 3657 754 3722 hodie
788 3659 1065 3723 communissima
1098 3657 1211 3744 opinio
1245 3655 1434 3721 doctorum.

310 3769 387 3833 Non
407 3770 496 3834 enim
516 3773 627 3858 agitur
646 3772 687 3836 de
707 3771 935 3859 possibilitate
960 3771 1191 3858 metaphysica
1215 3769 1437 3835 contrahendi

311 3883 609 3970 impedimentum,
631 3909 692 3974 pro
712 3910 779 3974 qua
803 3887 949 3952 sufficiat
971 3909 1038 3951 una
1062 3887 1154 3966 dies;
1175 3885 1232 3948 lex
1255 3885 1344 3949 enirn
1369 3907 1435 3948 non

311 3999 450 4087 respicit
468 3999 559 4086 quod
579 3999 616 4064 tit
636 4001 806 4064 rarissime
826 4007 860 4064 et
880 4000 1131 4088 peraccide1n‚
1154 3998 1214 4064 sed
1234 3999 1324 4087 quod
1344 4021 1436 4062 com-

344 4170 352 4202 ¹
372 4170 447 4218 Bulla
459 4170 660 4232 Speculatores.
677 4177 688 4230 t
704 4175 730 4228 t,
747 4187 772 4234 p.
789 4177 844 4219 375.

343 4247 354 4280 ¹
370 4247 414 4296 Pii
428 4247 464 4296 IX
478 4249 559 4305 Acta,
578 4249 684 4309 lionrae,
702 4255 774 4307 1871,
792 4255 810 4299 t.
827 4265 853 4308 v,
870 4266 896 4312 p.
910 4255 948 4298 67.
