3248 5052
343 504 387 552 DE
407 503 606 554 ΙΝΤΕΝΤΙΟΝΕ
625 503 803 564 REQUtSlTA
823 503 857 552 ΙΝ
876 503 1104 554 onnlnanonn
1234 501 1284 554 595

161 653 195 712 et
214 654 410 712 constanter
432 653 569 711 coactus
593 652 626 712 et
645 645 774 712 invitus
793 645 870 734 quis
889 645 1064 712 ordinatus
1084 645 1200 728 fuerit,
1223 647 1287 714 hoc

161 767 283 851 praeter
298 782 512 824 communem
532 782 644 824 rerum
663 759 815 825 ordinem
835 760 1029 847 exemplum
1050 760 1134 826 nihil
1148 762 1288 826 demon·

162 882 249 941 strat
265 881 383 940 contra
400 873 512 963 legem
531 881 565 939 et
584 873 867 940 consuetudinem
883 873 1054 939 Ecclesiae.

207 990 243 1054 20
263 989 344 1052 Herc
363 988 507 1053 intentio
528 1011 588 1053 sou
606 987 766 1054 voluntas
785 986 887 1053 debet
906 1011 981 1052 esse
998 989 1156 1074 positiva,
1183 989 1230 1054 ita
1249 997 1288 1056 ut

161 1105 191 1170 si
206 1103 281 1193 quis
301 1125 337 1167 se
358 1102 481 1167 habeat
492 1102 639 1190 passive,
657 1125 729 1184 seu,
746 1109 784 1167 ut
803 1102 932 1182 dieunt,
949 1103 1162 1183 neutraliter,
1177 1126 1288 1192 neque

162 1218 293 1296 volens,
310 1238 419 1304 neque
432 1216 564 1296 nolens,
580 1238 648 1281 non
663 1215 827 1304 suscipiat
841 1215 953 1281 valide
968 1223 1230 1284 sacramentum.
1245 1257 1290 1266 -

164 1333 238 1398 Hoc
252 1338 387 1396 constat
402 1353 444 1394 ex
457 1329 616 1394 omnibus
628 1329 803 1417 hucusque
817 1329 929 1408 dietis,
944 1329 979 1394 in
994 1329 1119 1418 quibus
1133 1331 1289 1397 videmus

162 1445 290 1534 requiri
309 1445 343 1509 in
362 1442 514 1532 subjecto
529 1443 742 1509 voluntatem
758 1467 819 1509 seu
833 1445 1063 1528 intentionem,
1081 1466 1141 1509 seu
1155 1468 1291 1511 consen-

162 1583 239 1625 sum
253 1559 288 1624 in
307 1558 411 1623 ritum
426 1557 602 1638 Ecclesiae;
619 1580 720 1646 porro
740 1557 811 1623 haec
830 1557 990 1623 voluntas
1010 1567 1130 1622 neutra
1150 1581 1217 1624 non
1238 1567 1292 1626 est

162 1673 306 1738 intentio
326 1695 387 1737 nec
412 1695 599 1737 consensus
622 1673 657 1736 in
682 1671 785 1737 ritum
809 1671 980 1737 Ecelesiae.
1003 1672 1135 1738 -Nec
1154 1672 1292 1739 obstant

164 1786 267 1852 verba
290 1785 481 1851 innocentii
499 1785 559 1867 iil,
577 1808 651 1874 cap.
669 1785 833 1873 Majorea,
851 1787 883 1868 3,
902 1786 952 1850 Dn
969 1805 1144 1852 narrrsuo:
1163 1813 1178 1847 «
1197 1787 1291 1852 Tune

163 1924 243 1988 ergo
256 1901 485 1966 characterem
501 1900 756 1966 sacramentalis
771 1899 934 1989 imprimit
949 1900 1113 1989 operatio,
1131 1923 1208 1966 cum
1221 1902 1292 1966 obi·

162 2010 233 2081 cetn
248 2016 432 2080 voluntatis
446 2015 625 2080 contraria
645 2037 712 2079 non
728 2015 864 2079 invenit.
886 2041 901 2074 »
918 2013 1005 2080 Cum
1021 2014 1112 2078 enim
1128 2015 1293 2081 Innocen-

163 2131 232 2196 tius
245 2129 395 2210 definiat,
408 2129 460 2194 uti
474 2127 634 2212 vidimus,
649 2150 847 2193 consensum
859 2127 996 2215 requiri,
1009 2151 1070 2216 per
1084 2128 1292 2195 voluntatem

162 2244 371 2310 contrariam
387 2243 441 2307 hic
451 2241 625 2330 intelligit,
639 2265 708 2307 non
721 2248 855 2307 tantum
870 2241 1083 2306 voluntatem
1099 2265 1292 2329 repuqnan·

164 2367 246 2442 tem,
270 2357 452 2423 sedetiam
471 2358 685 2422 voluntatem
706 2363 879 2438 neutram,
902 2379 978 2444 quae
998 2378 1116 2423 revera
1140 2365 1192 2422 est
1212 2369 1291 2422 'con-

162 2472 264 2538 traria
284 2471 496 2538 eonsensui¹.

207 2587 241 2653 3⁰
262 2586 342 2650 Hrrc
361 2585 505 2651 intentio
530 2583 632 2650 debet
651 2607 725 2650 esse
746 2585 895 2668 interna,
917 2584 953 2649 id
978 2591 1047 2666 est,
1072 2605 1140 2648 non
1164 2584 1291 2651 sufficit

161 2708 199 2766 ut
227 2699 436 2765 ordinandus
467 2699 659 2764 consentiat
687 2699 722 2762 in
751 2699 853 2764 ritum
880 2705 1075 2778 externum,
1102 2697 1289 2764 sedetiam

161 2814 343 2904 requiritur
362 2821 400 2879 ut
421 2815 550 2878 interne
568 2813 765 2896 consentiat,
786 2811 834 2878 ita
862 2818 915 2893 ut,
937 2812 966 2876 si
981 2819 1134 2899 acceptet
1152 2811 1289 2900 quidem

161 2929 263 2994 ritum
284 2935 462 2994 externum
482 2927 570 2992 sicut
589 2927 646 2991 alii
665 2926 856 3007 ordinandi,
877 2926 965 2991 intra
984 2948 1021 2990 se
1040 2931 1151 2991 autem
1171 2925 1286 2996 dicat:

160 3043 250 3108 Nolo
271 3044 416 3127 recipere
428 3041 594 3124 ordinem,
617 3041 711 3106 irrita
726 3040 771 3104 sit
783 3063 922 3128 prorsus
943 3039 1121 3104 ordinatio.
1143 3079 1188 3089 —
1208 3041 1289 3106 Hoec

160 3164 213 3222 est
225 3155 504 3220 communissima
523 3162 557 3220 et
575 3153 848 3243 probabilissima
868 3153 999 3242 opinio,
1021 3161 1139 3218 contra
1157 3155 1289 3242 paucis-

160 3270 276 3351 simos,
299 3293 332 3335 v.
351 3291 399 3356 g.‚
419 3269 561 3351 Drouin,
580 3268 771 3356 Gaspanir.
805 3269 854 3332 De
875 3291 941 3356 qua
965 3290 1001 3332 re
1030 3267 1101 3332 haec
1120 3267 1286 3333 dicenda:

206 3387 250 3449 A.
273 3383 401 3450 Omnes
420 3390 534 3448 textus
555 3405 657 3470 supra
676 3381 773 3447 relati
799 3381 977 3470 requirunt
1000 3381 1036 3444 in
1060 3379 1213 3469 subjecto
1232 3405 1288 3447 oo-

162 3499 343 3580 luntatem,
375 3519 441 3562 seu
480 3498 715 3580 intentionem,
754 3519 814 3561 seu
851 3497 1068 3582 propositum
1104 3495 1288 3583 recipiendi

160 3618 425 3692 sacramentum,
460 3619 499 3677 ut
525 3633 583 3675 eos
609 3610 737 3698 legenti
765 3617 870 3698 patet.
892 3609 1001 3697 Atqui
1029 3608 1086 3674 ille
1115 3609 1174 3698 qui
1200 3609 1287 3676 serio

160 3726 297 3815 quidem
317 3749 353 3790 se
370 3725 508 3812 subjicit
522 3724 601 3788 ritui
621 3731 774 3806 externe,
794 3723 857 3789 sed
879 3722 969 3812 apud
990 3746 1026 3788 se
1050 3723 1085 3787 in
1105 3722 1205 3788 corde
1225 3747 1288 3790 suo

160 3839 259 3929 plane
290 3839 419 3905 resistit
444 3846 479 3905 et
504 3838 612 3905 dicit:
641 3839 730 3904 Noto
750 3839 896 3924 recipere
923 3845 1192 3921 sacramentum,
1214 3837 1285 3920 ille,

191 4011 199 4044 ¹
218 4010 258 4059 Ct.
279 4010 405 4068 Billuart‚
425 4010 548 4066 Summa,
569 4009 608 4057 De
627 4007 805 4058 sacramentis
826 4007 854 4056 in
873 4006 1022 4065 communi,
1043 4007 1172 4066 diss.V1,
1190 4009 1285 4068 arti,

159 4089 214 4152 obj.
230 4095 258 4148 ³,
275 4091 317 4138 ed.
328 4089 445 4152 ‘trajecti
462 4089 495 4136 ad
511 4089 629 4146 Mosam,
646 4092 719 4144 1770,
736 4089 756 4135 t.
772 4103 830 4146 xvr,
846 4101 873 4149 p.
889 4091 943 4134 ³58.

191 4168 201 4201 ¹
219 4167 336 4228 Drouin,
353 4167 391 4215 De
409 4166 588 4216 sacramentis
606 4165 634 4214 in
647 4179 762 4230 genere,
778 4167 876 4228 quaest.
893 4181 942 4224 vn,
958 4163 1094 4228 appendia
1109 4165 1165 4228 (ed.
1182 4164 1285 4227 Migne,

161 4247 263 4295 Cursus
285 4244 443 4309 theotoniae,
467 4251 486 4294 t.
509 4259 556 4304 xx,
579 4245 630 4294 col.
652 4249 712 4292 1528
735 4249 800 4307 sq.);
825 4271 852 4280 -
876 4243 1019 4306 Gasparri,
1041 4241 1078 4291 De
1098 4240 1284 4302 ordinatione,

160 4339 187 4372 n.
203 4327 244 4372 ott
263 4339 313 4386 sq,
331 4323 453 4377 Parisiis,
472 4329 543 4382 1⁸9³,
561 4326 579 4371 t.
596 4339 617 4380 r,
634 4337 661 4385 p.
677 4325 732 4370 tat.
