3248 5052
382 478 426 528 DE
445 477 646 528 INTEN'lIONE
666 479 843 539 REQUlSle
862 479 896 528 IN
917 477 1142 530 ORDlNATlONE
1278 479 1329 530 587

204 627 366 702 ceterum,
387 627 426 686 ut
445 620 546 685 modo
565 620 757 686 videbimus
777 645 819 685 ex
839 621 957 686 multis
981 645 1153 687 sacrarum
1177 621 1328 708 Congre-

204 734 380 820 gationum
400 741 434 800 et
452 757 670 800 romanorum
690 735 895 800 Pontificum
911 735 1154 816 decisionibus,
1178 737 1329 801 Ecclesia

204 848 239 912 in
255 847 374 913 eodem
393 849 501 935 gradu
520 849 627 938 ponit,
650 849 741 937 quod
760 849 805 914 ad
822 849 1046 915 intentionem
1071 855 1217 938 spectat,
1240 850 1328 914 ordi-

204 985 265 1028 nes
285 963 520 1044 hierarchicos,
543 971 577 1029 et
596 963 731 1027 ordines
744 963 930 1028 inferiores.

249 1076 285 1140 2⁰
305 1077 386 1141 Haec
405 1077 549 1143 intentio
574 1075 675 1143 debet
694 1099 768 1142 esse
789 1078 937 1160 interna,
966 1077 1088 1157 idest,
1116 1099 1184 1141 non
1204 1077 1329 1142 sullicit

202 1198 242 1257 ut
261 1191 439 1279 episcopus
459 1191 620 1256 ordinans
640 1191 726 1256 serio
746 1192 863 1256 etrite
884 1198 990 1278 ponat
1012 1190 1116 1255 ritum
1136 1199 1325 1271 externum,

204 1305 263 1371 sed
293 1306 396 1371 etiam
428 1306 612 1394 requiritur
641 1313 680 1370 ut
709 1307 838 1370 interne
868 1305 952 1370 velit
984 1305 1093 1370 facere
1127 1307 1218 1393 quod
1249 1305 1329 1370 facit

203 1420 366 1498 Ecclesia,
388 1420 435 1486 ita
450 1428 499 1502 ut,
519 1420 547 1486 si
564 1427 703 1486 externe
716 1421 803 1485 serio
824 1427 858 1485 et
877 1421 939 1484 rite
956 1426 1046 1507 agat,
1068 1419 1199 1485 interne
1214 1427 1328 1484 autem

203 1534 293 1600 dicat
319 1553 327 1600 :
353 1535 442 1600 Nolo
466 1537 641 1618 ordinare,
664 1557 732 1600 non
755 1533 868 1599 valeat
882 1535 952 1598 haec
978 1534 1157 1599 ordinatio.
1184 1534 1327 1598 —Haec

203 1654 254 1712 est
270 1647 546 1714 communissima
562 1655 596 1713 et
610 1647 882 1736 probabilissima
902 1649 1016 1734 opinio
1037 1656 1155 1712 contra
1174 1647 1328 1712 Cathari-

202 1783 285 1826 num
314 1762 466 1850 aliosque
498 1785 641 1850 paucoS,
671 1763 812 1842 luenin,
846 1761 963 1848 Serry,
996 1760 1192 1827 Contenson
1207 1766 1228 1842 ¹,
1260 1769 1324 1828 etc.

203 1877 354 1944 Revera:
379 1875 409 1942 l.
437 1876 503 1956 Qui
529 1883 667 1941 externe
689 1877 826 1965 quidem
847 1876 934 1941 serio
960 1883 993 1941 et
1017 1877 1079 1940 rite
1099 1875 1274 1941 materiam
1295 1883 1328 1940 et

202 1990 345 2056 lormam
375 1990 528 2071 adhibet,
551 1991 684 2056 interne
708 1998 822 2056 autem
841 2013 909 2054 non
934 1991 1009 2055 vult
1030 1991 1193 2055 conlicere
1213 2013 1326 2055 sacra-

202 2113 371 2188 mentum,
394 2106 480 2170 nihil
500 2105 592 2170 aliud
617 2105 764 2170 intendit
783 2111 817 2170 ct
845 2104 926 2170 facit
946 2127 1049 2192 quam
1071 2107 1201 2190 finqerc
1227 2111 1261 2168 et
1283 2105 1326 2168 si-

203 2219 345 2301 mulare,
368 2227 402 2285 et
421 2242 460 2284 eo
480 2219 627 2284 astutius
642 2219 741 2306 fingit
755 2227 789 2283 et
807 2217 957 2299 simulat,
980 2241 1048 2306 quo
1068 2218 1177 2303 magis
1194 2218 1280 2282 serio
1294 2224 1328 2282 et

201 2341 357 2398 accurate
377 2333 462 2398 ritus
483 2342 641 2398 externos
666 2333 812 2420 perficit3
836 2355 953 2419 porro,
975 2331 1093 2420 procul
1118 2331 1236 2412 dubio,
1259 2354 1326 2429 non

200 2445 263 2511 hoc
278 2445 360 2511 lacit
374 2453 433 2511 aut
448 2447 595 2512 intendit
609 2445 719 2511 facere
735 2446 902 2526 Ecclesia3
921 2485 963 2498 -
976 2447 1008 2512 2.
1026 2446 1222 2511 Alexander
1232 2445 1324 2526 Vlll,
1392 2474 1399 2487 ·

201 2559 282 2624 feria
301 2561 343 2640 V,
371 2561 484 2627 ldec.
513 2561 615 2643 1690,
638 2561 673 2625 in
698 2561 733 2626 S.
757 2559 893 2641 Officio,
917 2560 1102 2642 damnavit,
1127 2559 1244 2626 subn.
1269 2559 1323 2641 28,

199 2674 468 2762 propositionem
487 2698 562 2762 quae
576 2675 750 2763 sequitur:
775 2703 790 2736 ι(
813 2674 913 2740 Valet
933 2675 1128 2762 baptismus
1143 2675 1287 2739 collatus
1308 2697 1326 2738 a

200 2788 367 2870 ministr0,
399 2789 458 2876 qui
484 2811 620 2853 omnem
649 2789 753 2854 ritum
780 2797 959 2854 externum
985 2788 1195 2876 formamque
1218 2787 1327 2875 bapti-

199 2903 296 2968 zandi
316 2901 486 2984 observat,
518 2904 610 2967 inlus
629 2925 706 2967 vero
728 2904 762 2967 in
786 2905 884 2967 corde
909 2925 970 2968 suo
994 2905 1087 2989 apud
1109 2927 1142 2968 se
1167 2904 1327 2968 resolvit:

199 3017 278 3080 Non
299 3017 434 3080 intendo
453 3017 546 3102 quod
564 3017 649 3101 facit
669 3017 818 3081 Ecclesia
831 3019 858 3097 ’ς
888 3045 904 3078 »
926 3041 1001 3105 quae
1021 3017 1207 3105 propositio
1228 3016 1325 3106 ipsis-

200 3129 321 3194 simam
342 3128 516 3195 Catharini
536 3130 731 3216 opinionem
749 3130 922 3196 continere
942 3131 1087 3196 videtur.
1110 3131 1207 3196 Unde
1227 3131 1327 3218 juxta

199 3244 450 3310 institutionem
475 3243 621 3324 Christi,
643 3243 802 3308 sacerdos
829 3244 887 3332 qui
916 3245 1052 3310 conficit
1078 3253 1327 3310 sacramentum

199 3380 267 3422 non
287 3365 340 3423 est
359 3363 494 3423 tantum
515 3357 671 3422 machina
698 3381 774 3445 quae
800 3359 981 3424 admoveat
1005 3359 1148 3423 formam
1177 3359 1325 3423 materiae

200 3471 253 3558 (ut
267 3470 342 3536 vult
356 3469 587 3560 Catlrarinus),
610 3471 669 3535 sed
689 3494 769 3536 vere
789 3473 943 3536 minister
957 3472 1015 3560 qui
1028 3472 1164 3538 Christo
1180 3473 1326 3537 Domino

199 3591 414 3672 cooperetur,
445 3607 513 3649 non
542 3591 677 3650 tantum
709 3608 766 3650 ore
797 3593 832 3650 et
853 3585 1027 3668 manibus,
1060 3586 1119 3651 sed
1154 3597 1262 3651 mente
1294 3594 1328 3652 et

230 3819 238 3852 ¹
257 3819 298 3867 De
312 3819 411 3881 quibus
427 3820 489 3868 vide
502 3820 648 3878 Frannelin,
663 3820 700 3868 De
714 3821 892 3868 sacramentis
906 3821 934 3870 in
945 3837 1055 3885 penore,
1068 3823 1137 3871 thes.
1149 3839 1211 3882 xvn,
1224 3823 1326 3882 Romae,

198 3902 271 3954 1868,
289 3913 314 3960 p.
327 3903 438 3956 115-151,
451 3903 478 3947 et
489 3899 603 3947 Billuart
617 3899 663 3961 qui
679 3899 747 3947 hunc
763 3901 975 3948 controversiam
991 3901 1193 3949 accuratissime
1207 3903 1326 3964 exponit,

197 3975 319 4033 Summa,
335 3975 374 4024 De
388 3976 567 4025 sacramentis
583 3975 611 4024 in
626 3976 773 4034 communi,
784 3978 850 4026 diss.
864 3977 896 4034 V,
913 3981 964 4026 art.
977 3983 999 4036 1,
1012 3983 1023 4038 5
1039 3985 1061 4036 2,
1078 3983 1098 4028 t.
1109 3993 1162 4035 xvi,
1175 3995 1201 4042 p.
1213 3983 1326 4028 tul-292.

197 4079 227 4090 -
238 4053 384 4102 Catharino
397 4055 518 4102 adhaeret
532 4055 614 4103 etiam
628 4055 747 4110 Drouin,
760 4055 798 4102 De
813 4055 992 4104 sacramentis
1007 4055 1035 4104 in
1048 4072 1158 4120 ponere,
1173 4061 1269 4118 quast.
1281 4073 1326 4115 vu,

197 4147 222 4180 c.
239 4147 281 4190 ιιι,
297 4135 364 4180 sect.
380 4147 412 4190 ιι,
429 4133 471 4180 cd.
488 4133 592 4196 blignc,
611 4133 714 4181 Cursus
730 4132 888 4196 theologiae,
906 4137 925 4182 t.
942 4149 988 4193 xx,
1005 4135 1056 4184 col.
1073 4139 1227 4184 illa-1528.

229 4209 328 4258 ’Ball
345 4209 430 4268 Rom„
452 4216 471 4259 t.
488 4225 526 4268 rx,
548 4226 574 4273 p.
594 4215 639 4270 973
656 4211 699 4260 vel
720 4213 792 4274 apud
813 4212 971 4275 Dcnzingcr,
992 4213 1187 4270 Euchiridion,
1209 4229 1234 4261 n.
1254 4217 1326 4271 1185,

197 4289 240 4337 cd.
257 4291 330 4346 1865,
347 4287 384 4335 W
387 4288 534 4351 irceburgi,
551 4304 577 4352 p.
594 4292 649 4338 315.
