3290 5060
367 475 401 526 98
593 507 596 518 .
636 473 679 522 DE
699 471 837 522 LEGIBUS
857 471 972 521 SACRAE
991 471 1226 522 onnlnl‘sloxls

367 622 538 711 requisitae
558 641 625 684 non
645 623 789 705 possunt
808 617 911 681 simul
930 615 1074 680 inveniri
1097 615 1132 680 in
1152 615 1279 703 duplici
1298 615 1490 692 domicilio;

366 755 473 802 nam:
502 734 660 799 l.Ne1no
685 738 798 820 potest
822 731 858 795 in
881 730 1008 819 duplici
1032 730 1134 794 simul
1157 731 1231 794 loco
1255 729 1407 795 habitare
1428 753 1494 814 per

366 851 564 916 decennium
597 849 820 930 continuum,·
845 883 891 895 -
918 844 951 911 2.
982 843 1093 910 Multo
1123 845 1237 909 minas
1269 851 1383 932 potest
1415 845 1493 932 quis

366 964 547 1031 transferre
575 963 611 1027 in
639 962 726 1027 duos
754 959 855 1025 simul
880 959 973 1024 locos
1000 962 1167 1047 majorem
1188 967 1325 1046 partem
1349 982 1493 1023 suarum

365 1086 602 1166 fortunarum.

411 1195 448 1258 20
475 1191 547 1256 Alii
575 1213 656 1254 vero
686 1189 805 1253 dicunt
834 1189 983 1274 aliquem
1009 1211 1108 1274 posse
1139 1189 1262 1253 habere
1292 1190 1359 1253 duo
1387 1189 1494 1252 simul

367 1307 538 1372 domicilia
557 1305 660 1369 etiam
680 1303 817 1368 relative
835 1303 880 1367 ad
899 1303 1045 1367 ordines.
1068 1301 1119 1367 lta
1139 1303 1173 1367 S.
1196 1303 1425 1391 Alphonsus¹.
1447 1342 1492 1351 —

366 1423 475 1489 Nemo
494 1419 632 1508 quidem
652 1423 765 1506 potest
782 1415 965 1481 transferre
986 1417 1022 1480 in
1040 1417 1126 1482 duos
1145 1415 1247 1482 simul
1271 1418 1364 1482 locos
1384 1419 1492 1504 majo-

368 1559 439 1602 rem
463 1541 601 1620 partem
627 1553 770 1596 auarum
795 1533 1036 1615 fortunarum,
1062 1539 1097 1595 et
1122 1530 1198 1596 ideo
1223 1531 1347 1596 habere
1372 1529 1493 1617 nequit

367 1652 434 1716 duo
454 1647 625 1714 domicilia
644 1645 687 1710 ad
706 1644 858 1726 ordineS,
881 1644 945 1710 hoc
964 1644 1066 1709 modo
1086 1653 1269 1726 contracta,
1290 1667 1412 1733 nempe
1426 1667 1493 1730 per

368 1763 624 1830 translationem
658 1761 840 1824 bonorum.
878 1758 1004 1823 Verum
1041 1759 1089 1822 nil
1123 1759 1265 1846 impedit
1297 1759 1380 1846 quin
1414 1758 1492 1845 quis

366 1877 490 1944 habere
516 1875 624 1964 possit
643 1874 710 1938 duo
734 1872 905 1937 domicilia
923 1873 966 1937 ad
986 1873 1138 1953 ordines,
1161 1873 1266 1938 altero
1290 1872 1391 1937 modo
1412 1895 1492 1936 cou-

365 1999 491 2072 tracta,
518 2011 641 2076 nempe
666 2011 727 2075 per
753 1987 997 2052 habitationem
1023 1988 1249 2052 decennalem.
1274 1987 1361 2051 Nam
1388 1987 1492 2050 lnno-

366 2106 515 2186 centius,
537 2103 572 2166 in
596 2103 690 2168 bulla
709 2103 958 2188 Speculatores,
981 2102 1074 2166 nullo
1099 2101 1200 2166 modo
1223 2102 1369 2166 mutavit
1393 2111 1492 2165 natu-

367 2243 442 2284 ram
461 2219 624 2284 domicilii
646 2217 742 2307 (quae
762 2215 905 2280 mutatio
930 2223 1115 2303 conceptus
1136 2216 1289 2280 canonici
1308 2215 1488 2293 domicilii,

366 2355 444 2398 cum
479 2333 600 2396 luisset
629 2330 848 2418 gravissima,
886 2353 955 2394 non
995 2331 1221 2418 praesumitur,
1254 2337 1289 2394 et
1330 2352 1492 2416 expresse

365 2446 472 2512 statui
486 2446 692 2535 debuisset),
710 2445 771 2509 scd
787 2452 932 2525 tantum,
951 2445 993 2509 ad
1006 2445 1168 2532 majorem
1182 2445 1362 2523 cautelam,
1379 2447 1494 2534 requi-

299 2588 304 2600 ·
366 2562 448 2626 sivit
467 2559 623 2649 quaedam
644 2559 820 2646 adjuncta,
838 2583 872 2625 v.
890 2583 939 2646 g.‚
964 2560 1151 2645 longiorem
1172 2559 1431 2644 habitationem,
1453 2569 1493 2626 ut

367 2678 502 2764 signum
528 2673 633 2738 animi
654 2681 818 2762 perpetuo
843 2673 1003 2737 manendi
1014 2673 1026 2753 ;'
1050 2673 1144 2762 atqui
1168 2675 1208 2737 de
1233 2683 1356 2738 natura
1380 2677 1492 2742 domi-

366 2793 436 2856 cilii
455 2789 606 2855 canonici
625 2796 689 2872 est,
711 2795 749 2852 ut
772 2788 881 2876 possit
905 2786 1021 2852 haberi
1046 2789 1079 2852 in
1104 2787 1237 2852 duobus
1261 2787 1363 2852 simul
1387 2789 1489 2874 locis,

366 2905 467 2969 modo
486 2903 563 2992 quis
583 2903 618 2967 in
637 2909 781 2990 utroque
805 2901 879 2966 loeo
903 2902 1079 2990 aequaliter
1098 2902 1143 2966 sit
1167 2902 1372 2984 collocatus,
1396 2927 1489 2993 ergo,

367 3018 395 3082 si
419 3019 496 3105 quis
519 3016 728 3081 ordinandus
751 3014 875 3080 habeat
897 3015 1106 3081 domicilium
1129 3016 1308 3082 hibernum
1334 3019 1489 3102 ParisiiS,

366 3132 524 3196 aestivum
551 3131 586 3195 in
616 3129 754 3195 dioecesi
781 3131 1004 3213 Versaliensi,
1036 3133 1211 3220 aequaliter
1238 3133 1428 3198 collocatus
1456 3135 1491 3200 in

366 3251 526 3332 utroque,
556 3245 698 3332 poterit,
729 3253 808 3332 post
836 3245 1081 3311 habitationem
1108 3247 1343 3328 decennalem,
1375 3257 1492 3338 petere

366 3359 501 3424 ordines
527 3359 582 3424 vel
609 3359 651 3424 ab
677 3359 929 3448 archiepiscopo
956 3359 1155 3442 Parisiensi,
1181 3361 1237 3426 vel
1263 3361 1306 3426 ab
1332 3364 1492 3454 episcopo

365 3473 592 3554 Versaliensi3
620 3473 712 3562 quod
736 3473 863 3538 clarum
888 3483 951 3541 est.
974 3511 1018 3525 —
1038 3475 1123 3540 Item
1149 3477 1197 3541 nil
1224 3477 1380 3565 impedit,
1408 3481 1492 3568 quin

366 3589 443 3676 quis
462 3586 584 3652 habere
603 3588 714 3675 possit
732 3588 800 3652 duo
815 3589 985 3654 domicilia
1005 3590 1047 3654 ad
1065 3589 1214 3672 ordines,
1228 3615 1338 3656 unum
1358 3602 1493 3660 contra-

366 3709 458 3767 ctum
482 3726 542 3789 per
566 3701 809 3768 habitationem
834 3703 1068 3786 decennalem,
1094 3706 1238 3769 alterum
1262 3729 1324 3793 per
1344 3709 1492 3773 transla-
1524 3741 1526 3744 ·

366 3817 493 3881 tionem
509 3815 687 3898 bonorum,
706 3818 806 3882 modo
822 3817 998 3906 aequaliter
1013 3819 1058 3884 sit
1076 3819 1262 3884 collocatus
1277 3821 1311 3885 in
1326 3829 1489 3910 utroque;

367 3953 446 3996 narn
473 3953 512 3996 eo
538 3929 640 3995 modo
661 3931 754 3996 salva
781 3939 937 4020 tectaque
963 3939 1080 3998 manet
1103 3941 1224 3999 natura
1251 3935 1429 4016 domicilii,
1457 3943 1492 4001 et

365 4045 491 4112 satisfit
510 4045 765 4112 condicionibus
785 4045 1068 4112 innocentianis⁸.

399 4209 408 4243 ¹
428 4209 486 4256 tib.
503 4209 540 4256 Vl
570 4223 596 4256 n.
613 4211 666 4254 773.

398 4289 410 4323 ¹
426 4287 503 4335 Unde
517 4244 662 4335 discrimen
675 4289 724 4346 cst,
739 4301 772 4334 ex
786 4287 836 4336 hac
851 4291 936 4350 parte,
948 4289 1020 4337 inter
1030 4289 1187 4352 episcopum
1202 4290 1331 4338 domicilii
1346 4294 1374 4340 et
1386 4291 1492 4354 episco-
