3290 5060
272 481 316 531 DE
335 480 486 531 LITTERIS
507 480 800 533 ulnlssonltunus
819 483 860 532 ΕΤ
879 481 1179 534 Exconronnrlonn
1239 479 1287 536 iti

159 625 267 690 misso
293 624 328 688 in
356 623 453 690 bulla
476 625 680 711 Apostolicae
703 626 791 690 sedis
805 645 819 709 ,·
849 649 926 692 cum
955 633 1070 692 autem
1100 633 1221 715 agatur
1248 626 1290 692 de

159 739 414 822 ordinantibus,
437 745 473 804 et
491 746 633 804 tonsura
651 761 722 804 non
742 739 787 806 sit
806 741 901 824 ordo,
923 763 1023 830 poena
1048 763 1116 806 non
1140 741 1291 807 afliciun-

159 860 219 919 tur
238 853 389 942 episcopi
407 853 466 942 qui
486 853 669 919 conferunt
692 859 828 920 tantum
852 855 997 943 primam
1019 861 1216 938 tonsuram;
1239 879 1292 921 ce-

160 975 273 1033 terum
293 967 474 1056 episeopus
499 968 703 1056 delinquens
727 969 948 1058 suspenditur
971 993 990 1034 a
1013 969 1194 1035 collatione
1222 992 1291 1034 non

160 1088 297 1147 tentum
324 1081 453 1148 ordinis
481 1083 570 1148 male
597 1083 731 1166 collati,
759 1084 819 1148 sed
843 1085 996 1149 omnium
1019 1084 1181 1149 ordinum
1206 1091 1291 1171 tnon

162 1203 278 1262 tamen
304 1198 493 1286 tonsurae),
524 1220 603 1262 cum
627 1197 684 1262 lex
708 1220 776 1262 non
806 1197 1026 1285 distinguat¹.
1047 1237 1093 1247 —
1117 1199 1150 1264 2.
1178 1198 1215 1265 Si
1237 1221 1293 1264 or-

163 1309 288 1376 dinans
307 1311 352 1376 sit
367 1312 542 1398 episcopus
564 1313 731 1397 titularis,
753 1312 954 1400 applicanda
975 1318 1028 1378 est
1045 1335 1146 1401 poena
1165 1299 1294 1378 statuta

162 1447 182 1489 a
203 1447 300 1491 eone.
318 1425 424 1506 Trid,
447 1425 482 1490 in
502 1425 610 1490 relato
630 1448 704 1514 cap.
723 1425 771 1490 Et
790 1427 968 1514 quonism,
985 1449 1061 1514 quae
1080 1427 1224 1516 amplior
1243 1433 1296 1492 est

165 1561 270 1627 quam
289 1562 391 1628 poena
411 1540 546 1606 decreta
566 1563 586 1606 a
605 1540 851 1606 constitutione
870 1539 1074 1627 Apostolicae
1092 1542 1195 1626 sedis,
1217 1564 1295 1606 cum

164 1654 414 1742 complectatur
432 1677 501 1720 non
520 1660 657 1721 tantum
677 1653 896 1720 collationem
916 1655 1091 1738 ordinum,
1113 1655 1174 1720 sed
1193 1655 1296 1721 etiam

164 1769 281 1834 omnia
300 1769 539 1854 pontificatia;
558 1776 611 1834 est
634 1768 737 1834 etiam
761 1774 933 1834 reservata
960 1768 1058 1859 (licet
1081 1769 1298 1859 simpliciter)

165 1881 210 1947 R.
236 1881 408 1964 Pontifici,
430 1905 509 1948 cum
529 1882 574 1947 sit
592 1881 663 1948 lata
683 1884 728 1948 ad
746 1891 879 1948 certum
902 1891 1045 1968 tempus.

211 1995 251 2062 Β.
281 1995 410 2061 Contra
437 1997 626 2080 ordinatos,
654 1996 750 2062 nulla
774 2019 877 2085 poena
904 1996 1034 2062 sancita
1060 2002 1113 2062 est
1144 1997 1178 2062 in
1204 1995 1299 2064 bulla

163 2108 370 2196 Apostolicae
395 2111 499 2194 sedis,
528 2111 590 2176 sed
615 2118 732 2176 menet
762 2133 863 2199 poena
889 2110 997 2193 Trid.,
1026 2110 1062 2176 in
1087 2111 1196 2176 relato
1222 2133 1295 2200 cap.

166 2223 407 2290 Ordinationes
432 2231 595 2290 contenta
622 2223 677 2314 (et
704 2224 739 2288 in
767 2248 842 2313 cap.
872 2225 920 2288 Et
948 2225 1131 2311 quonism,
1162 2225 1299 2314 quando

166 2338 337 2405 ordinatio
362 2339 451 2406 iacta
475 2339 541 2405 fuit
564 2337 606 2404 ab
630 2338 789 2428 episcopo
814 2336 967 2427 titulari)
990 2357 997 2405 :
1025 2365 1040 2400 «
1071 2337 1299 2406 Ordinatusn

163 2461 401 2538 susceptorum
425 2454 587 2518 ordinum
611 2453 819 2537 esecutione,
842 2453 1008 2540 quamdiu
1032 2454 1176 2538 proprio
1201 2453 1300 2518 Ordi-

165 2567 266 2632 nario
290 2568 462 2632 videbitur
484 2567 658 2653 sepedire,
684 2567 729 2631 sit
752 2589 933 2653 suspensus
941 2585 956 2648 ,·
979 2593 996 2626 n
1021 2589 1096 2654 quae
1121 2565 1300 2653 suspensio

164 2703 236 2746 non
257 2681 394 2770 respicit
413 2681 480 2746 nisi
499 2681 634 2746 ordines
654 2681 741 2745 mete
759 2682 958 2766 susceptos’.

215 2796 252 2863 3ο
279 2795 443 2882 Specintis
470 2795 537 2882 teyi
563 2795 715 2881 apposite
746 2795 906 2880 receptio.
933 2793 1041 2859 —Iu
1068 2817 1169 2883 supra
1195 2792 1299 2859 relato

166 2932 244 2997 cap.
276 2909 346 2974 Eos
374 2909 451 2996 qni,
483 2909 520 2990 2,
548 2887 603 2973 De
633 2928 831 2974 rnuromnns
862 2927 986 2988 omnm,
1019 2908 1054 2972 in
1083 2907 1148 2990 VI,
1180 2907 1301 2974 statuit

166 3021 356 3110 Gregorius
374 3023 422 3106 X,
443 3031 483 3087 ut
503 3021 530 3086 si
551 3021 627 3110 quis
648 3022 828 3110 episcopus
849 3021 983 3086 ordinet
1007 3021 1157 3086 alienum
1182 3019 1300 3086 subdi·

165 3145 242 3202 tum
263 3137 337 3202 sine
357 3135 575 3218 dimissoriis,
598 3136 643 3202 sit
667 3159 854 3224 suspensus
874 3159 894 3201 a
913 3135 1099 3201 collatione
1122 3134 1296 3218 ordinum,

166 3259 219 3330 et,
241 3256 424 3338 postquam
443 3249 515 3314 hoee
535 3250 715 3337 suspensio
739 3249 842 3314 fuerit
867 3249 1066 3334 manifesta,
1089 3249 1217 3332 clerici,
1240 3249 1299 3338 qui

165 3364 298 3430 subditi
322 3371 401 3429 suni
428 3363 578 3452 episcopi
602 3363 650 3428 sic
674 3363 848 3451 suspensi,
870 3362 1007 3450 possint
1030 3361 1183 3449 legitime
1207 3361 1298 3427 ordi-

165 3479 242 3544 nari
266 3503 285 3544 a
309 3477 431 3544 vicinis
455 3477 638 3566 episcopis,
670 3477 774 3542 etiam
803 3477 876 3542 sine
900 3476 1040 3541 licentia
1070 3476 1219 3565 episcopi
1242 3500 1298 3541 su·

166 3593 297 3682 spensi.
313 3631 359 3641 -
378 3590 583 3680 Supponunt
601 3591 827 3657 communiter
846 3591 1025 3656 auctores³
1042 3589 1129 3656 hanc
1148 3589 1298 3656 decreta·

165 3707 236 3773 lem
259 3729 323 3772 nec
352 3729 371 3770 a
397 3705 540 3771 concilio
567 3705 781 3786 Tridentino,
808 3728 869 3770 nec
895 3727 914 3770 a
939 3703 1034 3769 bulla
1062 3703 1296 3790 Speculatores

166 3821 272 3886 tuisse
292 3819 479 3902 sublatam,
502 3817 582 3908 quia
600 3841 722 3908 nempe
746 3818 817 3884 haec
842 3817 909 3884 duo
934 3818 1137 3884 documenta
1161 3817 1295 3906 generi-

199 3975 209 4009 ¹
226 3975 267 4025 Ci.
285 3975 392 4033 Pietus,
409 3973 541 4024 inconst.
557 3973 718 4038 Apostolicae
732 3973 820 4031 sedis,
835 3974 869 4022 de
884 3988 969 4037 susp,
986 3989 1013 4024 n.
1029 3979 1057 4034 ³,
1073 3973 1201 4033 Tomaci,
1218 3977 1292 4033 1884,

209 4061 222 4090 ¹)

166 4059 293 4182 piac
313 4131 456 4194 suspensio
477 4131 675 4180 retroascendit
693 4131 727 4179 ad
746 4129 891 4179 concilium
912 4130 1054 4182 Nicaenum
1070 4131 1157 4194 quod,
1175 4133 1206 4181 ut
1226 4129 1294 4180 vidi-

167 4227 240 4266 mus.
257 4211 355 4260 statuit
369 4210 452 4260 tatem
466 4209 665 4259 ordinationem
680 4223 740 4258 esse
755 4207 873 4258 irritam.

199 4290 210 4326 θ
226 4288 345 4348 Girsldi,
361 4291 432 4352 part.
448 4285 472 4348 1,
489 4291 556 4338 sect.
572 4303 648 4348 scin,
664 4303 691 4350 p.
707 4291 747 4336 61.

261 4400 344 4438 menn
358 4401 477 4436 onnrnnr.
1134 4383 1162 4435 ii
