3300 5056
540 493 583 542 DE
602 491 761 544 SUBJECTO
781 491 1016 544 oaumlnoms
1286 489 1338 542 217

213 633 358 700 testetur
385 635 550 718 exterius,
579 636 615 701 in
643 636 763 702 intima
790 643 905 702 tamen
933 642 1047 702 mente
1074 634 1266 723 reponitur;
1294 673 1339 684 -

213 747 556 834 2.1doneieaa,licet
579 750 691 839 quoad
713 750 828 838 plures
851 757 965 838 partes
990 751 1034 815 sit
1057 756 1214 831 externa,
1236 737 1339 814 habet

212 869 328 927 tamen
343 862 493 952 aliquam
507 871 639 951 partem
653 887 744 930 mere
759 864 944 946 internam,
961 863 1183 930 idoneitatem
1198 885 1336 952 nempe,

212 981 252 1041 ut
268 976 475 1060 dictumest,
493 978 605 1066 quoad
620 979 828 1044 voluntatem
842 987 875 1042 et
890 1000 999 1043 morea
1005 997 1022 1062 ,·
1035 977 1219 1065 requiritur
1232 977 1335 1060 enim,

211 1097 252 1154 ut
275 1089 499 1173 ordinandus,
526 1099 678 1179 spectata
703 1092 777 1180 ejus
803 1092 874 1157 vita
898 1092 1083 1180 praeterita,
1109 1091 1337 1180 vitiorumque

212 1202 454 1292 extimatione,
476 1213 590 1294 speret
610 1206 682 1271 Deo
702 1213 838 1272 auctore
858 1228 894 1271 se
913 1204 1086 1270 continere
1105 1227 1217 1291 posse.
1239 1205 1337 1272 Unde

211 1338 281 1381 non
300 1316 428 1384 sufficit
450 1319 524 1384 sola
548 1319 698 1408 episcopi
723 1319 862 1400 electio;
885 1319 945 1384 sed
968 1317 1151 1407 requiritur
1169 1317 1337 1406 judicium

208 1430 360 1518 prudens
379 1431 592 1510 confessarii,
614 1434 669 1499 cui
691 1434 839 1522 ingenue
862 1433 1029 1522 pleneque
1053 1432 1222 1518 aperuerit
1247 1431 1337 1497 ordi-

207 1544 344 1610 nandus
363 1552 493 1612 secreta
512 1546 623 1612 cordis
642 1547 711 1629 sui,
729 1547 854 1636 quique
869 1544 1068 1635 pronuntiet
1086 1544 1205 1610 adesse
1220 1567 1336 1610 veram

207 1657 432 1748 intimamque
451 1659 723 1744 inclinationem,
745 1661 988 1750 praefatamque
1007 1658 1238 1724 idoneitatem.

253 1885 322 1954 82.
347 1925 392 1936 —
420 1889 653 1966 Quaeritur:
683 1889 778 1954 Num
811 1888 899 1954 adsit
933 1887 1097 1974 ohliqatio
1130 1887 1335 1974 obsequendi

206 1999 327 2066 divina
346 2002 522 2068 vocationi.

250 2113 350 2200 Reap.
365 2137 378 2180 .·
401 2114 435 2178 l⁰
448 2116 571 2182 Divina
590 2118 716 2183 occatio
731 2139 797 2204 per
814 2140 848 2182 se
869 2140 934 2182 non
955 2119 1085 2204 ohliqat
1103 2119 1167 2184 aul>
1182 2123 1329 2203 peccato.

204 2265 250 2274 -
269 2228 381 2298 Nam:
405 2232 436 2296 l.
458 2229 575 2296 Gratia
599 2231 715 2297 divina
739 2253 808 2296 non
832 2238 942 2298 mutat
965 2255 1077 2298 rerum
1097 2231 1283 2312 essentias;
1305 2229 1333 2294 si

204 2364 269 2428 ego
289 2342 450 2409 inclinem
470 2345 621 2411 animum
640 2352 738 2410 tuum
759 2353 792 2410 et
811 2345 984 2434 impellam
1004 2355 1039 2413 te
1058 2347 1101 2412 ad
1120 2345 1332 2434 implendum
1362 2349 1364 2356 '

205 2463 431 2545 praeceptum,
454 2457 497 2524 ad
516 2457 670 2525 facienda
688 2459 906 2548 perfectiora,
929 2460 971 2525 ad
991 2459 1157 2526 servanda
1177 2457 1331 2538 consilia,

204 2569 259 2634 hic
279 2592 377 2637 meus
400 2571 569 2660 impulsus
593 2597 661 2638 non
685 2579 797 2638 mutat
821 2597 934 2639 rerum
957 2575 1143 2656 essentias;
1166 2571 1257 2661 quod
1280 2577 1332 2636 est

202 2692 427 2772 praeceptum,
467 2695 622 2753 remanet
657 2694 884 2777 praeceptum3
919 2688 1010 2776 quod
1048 2695 1100 2753 est
1136 2688 1171 2752 in
1208 2708 1331 2773 genere

203 2796 422 2886 perfectionis
442 2808 476 2867 et
495 2801 645 2883 consilii,
667 2808 819 2867 remanet
838 2801 872 2866 in
892 2802 955 2866 hoc
974 2825 1114 2890 genero,
1136 2822 1199 2865 nec
1222 2806 1331 2864 trans·

202 2910 230 2975 it
258 2911 302 2976 ad
330 2937 439 3002 genus
464 2915 647 3004 proecepti3
683 2915 775 3004 quod
806 2938 867 3003 per
895 2939 931 2981 se
957 2922 1069 3004 patet,
1100 2915 1179 3003 quia
1204 2913 1330 3001 impul-

202 3047 262 3090 sus
289 3025 348 3092 ille
373 3035 427 3093 est
452 3027 535 3116 quid
560 3051 651 3095 mere
677 3031 867 3094 estrimeci.
896 3029 938 3094 Et
963 3029 1054 3094 idem
1080 3027 1262 3093 dicendum
1288 3026 1330 3092 de

201 3140 311 3225 gratia
329 3141 457 3226 divina,
475 3165 550 3232 quae
569 3150 623 3210 est
640 3143 776 3209 divinus
790 3142 972 3230 impulsus,
988 3142 1156 3208 inclinans
1174 3141 1329 3207 homines

202 3253 259 3318 vel
278 3253 322 3320 ad
339 3263 525 3345 praecepta,
542 3257 599 3323 vel
617 3257 660 3322 ad
678 3257 894 3346 perfectiora,
916 3257 971 3322 vel
991 3257 1034 3322 ad
1053 3255 1205 3321 consilia.
1224 3255 1328 3320 Porro

201 3369 353 3450 vocatio,
387 3370 428 3435 de
461 3393 528 3460 qua
561 3371 709 3459 agimuS,
743 3370 829 3435 nihil
861 3371 954 3436 aliud
984 3377 1053 3453 est,
1086 3393 1190 3459 quam
1219 3369 1327 3456 gratia

201 3479 334 3565 divina,
357 3507 448 3573 quae,
473 3507 535 3574 per
558 3493 694 3574 tempus
718 3485 794 3574 plus
820 3485 976 3550 minusve
1002 3485 1159 3572 longum,
1186 3483 1328 3549 inclinat

200 3596 375 3663 hominem
399 3599 441 3665 ad
465 3607 592 3666 statum
616 3599 824 3681 clericalem,
850 3599 947 3688 eique
971 3621 1103 3665 annexa
1128 3598 1270 3664 consilia
1293 3605 1327 3662 et

201 3708 328 3795 officia,
351 3713 393 3779 ad
412 3737 487 3802 quae
506 3737 567 3803 per
590 3737 627 3780 se
652 3736 751 3779 nemo
776 3721 922 3782 tenetur.
944 3713 1035 3800 Ergo
1055 3713 1170 3779 divina
1192 3711 1325 3777 vocatio

200 3823 243 3890 de
272 3848 309 3890 se
337 3849 405 3892 non
433 3827 563 3916 obligat
590 3827 653 3893 sub
681 3835 839 3916 peccato,
867 3866 912 3877 —
937 3827 969 3894 2.
997 3826 1095 3895 Unde
1123 3849 1191 3892 non
1220 3825 1326 3892 semel

201 3937 236 4004 S.
260 3939 518 4008 Poenitentiaria
536 3941 712 4031 respondit
729 3942 765 4007 in
784 3940 848 4006 hoc
867 3961 989 4024 sensu;
1010 3941 1196 4007 declaravit
1214 3939 1322 4021 enim,

200 4054 254 4120 die
283 4053 326 4122 27
355 4059 444 4145 aug!
466 4055 568 4138 1829,
598 4079 667 4122 non
696 4079 771 4122 esse
800 4056 991 4143 cogendum
1022 4055 1065 4121 ad
1092 4052 1325 4142 suscipiendos

199 4191 314 4236 sacros
333 4170 469 4236 ordines
488 4169 665 4254 clericum,
682 4171 756 4260 qui,
778 4169 858 4235 licet
877 4193 896 4236 a
916 4170 986 4236 suis
1006 4166 1236 4258 superioribus
1255 4166 1324 4232 ele-

200 4291 289 4366 ctus,
307 4289 375 4350 eta
389 4308 451 4351 suo
466 4283 671 4351 confessario
686 4283 810 4372 dignus
821 4283 995 4373 judicatus
1009 4305 1104 4349 sacro
1120 4281 1321 4364 ministerio,
