3300 5056
538 490 582 540 DE
601 488 760 540 SUBJECTO
780 487 1015 538 ORDINATIONIS
1288 484 1340 538 233

216 633 335 700 Nam:
363 632 394 698 l.
421 632 455 698 S.
483 632 611 698 Paulus
635 631 699 711 ait,
726 629 740 694 l
765 631 867 710 Tim,
894 652 943 710 111,
971 631 991 694 2
1014 650 1022 696 :
1051 657 1066 692 ι(
1094 630 1238 719 Oportet
1261 653 1342 719 ergo

216 747 415 836 episcopum
434 769 509 812 esse
601 747 773 811 doctorem
780 764 795 828 ;
818 773 834 806 »
859 751 909 827 et,
936 745 1018 822 Tit,
1040 767 1067 828 1,
1090 745 1136 812 9:
1161 746 1343 833 «Oportet

215 861 308 928 enim
327 862 524 949 episcopum
543 883 618 926 esse
690 860 948 946 amplectentem
967 883 1061 944 enm,
1078 861 1140 946 qui
1156 861 1341 925 secundum

214 977 407 1040 doctrinam
426 983 491 1059 eat,
512 975 648 1060 fidelem
666 997 872 1056 sermonem,
897 981 934 1038 ut
954 981 1074 1060 potens
1097 975 1142 1039 ait
1165 975 1342 1039 exhortari

216 1091 251 1154 in
284 1091 438 1155 doctrina
474 1112 556 1154 aona
593 1096 626 1152 et
663 1111 717 1154 eoa
751 1089 812 1174 qui
845 1089 1083 1154 contradicunt
1113 1107 1288 1174 arquere;
1325 1115 1342 1148 »

214 1240 260 1253 -
289 1204 322 1270 2.
352 1204 456 1270 Juxta
485 1225 580 1268 cono.
612 1202 719 1284 Trid.,
751 1229 767 1262 «
797 1203 996 1288 pradicatio
1029 1203 1192 1288 evangelii
1294 1211 1342 1267 eat

220 1318 436 1404 precipuum
465 1319 698 1404 episcoporum
728 1319 899 1396 munuat;
930 1344 946 1378 η
978 1323 1012 1382 et
1043 1343 1059 1378 o
1090 1318 1343 1404 predicationis

217 1455 358 1508 munna,
380 1433 472 1521 quod
496 1433 730 1519 episcoporum
752 1432 966 1517 precipuum
992 1440 1057 1516 eat,
1084 1439 1149 1497 etc.
1175 1433 1224 1496 ›>¹.
1253 1432 1342 1518 Ergo

217 1546 407 1613 doctrinam
450 1545 684 1633 evangelicam
715 1551 750 1610 et
787 1545 822 1608 in
864 1568 988 1634 genere
1027 1546 1215 1611 doctrinam
1254 1545 1343 1610 chri-

217 1661 363 1726 stianam
390 1667 424 1725 et
450 1659 677 1747 theologicam
706 1658 876 1747 praecipue
905 1659 1027 1724 callere
1056 1659 1172 1742 debet,
1199 1666 1238 1724 ut
1263 1683 1344 1748 pos-

217 1775 263 1840 sit
282 1775 377 1840 illam
397 1775 538 1856 dooere;
560 1813 603 1822 -
624 1775 655 1840 3.
679 1773 773 1838 Idem
797 1772 995 1856 concilium,
1017 1797 1090 1862 cap.
1115 1773 1342 1860 Quicumque,

217 1889 255 1970 2,
277 1911 362 1955 sess.
389 1888 501 1970 XXII,
524 1889 575 1954 Da
599 1907 700 1970 nnn„
727 1888 872 1976 loquens
892 1887 933 1952 de
956 1889 1188 1976 promovendo
1214 1888 1249 1953 in
1275 1889 1345 1975 epi-

217 2025 376 2091 scopum,
398 2003 472 2069 ait:
496 2029 512 2064 a
535 2002 683 2068 Scientia
706 2025 803 2083 vero,
826 2009 949 2090 praeter
972 2002 1060 2084 hoec,
1083 2002 1250 2090 ejusmodi
1272 2003 1345 2090 pol-

218 2117 303 2198 leat,
319 2123 363 2182 'ut
383 2118 534 2182 muneris
553 2118 619 2182 sihi
638 2117 843 2203 injungendi
868 2117 1053 2181 necessitati
1071 2118 1182 2202 possit
1205 2117 1344 2202 satissa-

217 2249 314 2314 cere‚·
340 2257 356 2292 n
385 2254 485 2319 porro
511 2253 635 2296 munus
661 2230 820 2318 episcopo
847 2230 1014 2296 creditum
1039 2253 1107 2295 non
1133 2237 1186 2296 est
1210 2237 1344 2296 tantum

217 2346 335 2409 docere
355 2351 389 2410 et
402 2346 607 2432 praedicare,
630 2345 690 2410 sed
710 2345 812 2410 etiam
832 2346 945 2409 omnia
968 2353 1178 2409 sacramenta
1198 2346 1344 2410 admini-

217 2466 344 2544 strare,
369 2459 507 2524 clericos
533 2460 723 2544 informare
749 2467 782 2524 et
810 2459 988 2542 ordinare,
1013 2481 1201 2546 procurare
1230 2460 1345 2524 ohser-

218 2575 368 2638 oantiam
398 2596 566 2638 canonum
596 2596 657 2661 per
687 2573 919 2638 visitationem
949 2573 1121 2656 dioecesis,
1153 2579 1279 2638 statuta
1309 2578 1344 2638 et

216 2693 402 2774 praecepta,
423 2711 576 2752 exercere
588 2688 725 2773 judicia
745 2687 780 2750 in
799 2687 871 2752 loro
887 2687 1133 2770 ecclesiastico,
1152 2687 1187 2751 in
1202 2686 1344 2752 materia

217 2800 289 2866 sive
315 2801 408 2866 civili
434 2801 506 2866 sive
533 2801 716 2882 criminali,
740 2823 940 2886 promovere
967 2802 1099 2866 cultum
1129 2802 1282 2866 divinum
1310 2808 1344 2867 et
1425 2889 1432 2898 ι

217 2913 332 2979 omnia
358 2938 433 3003 quae
459 2916 526 2980 huo
552 2915 756 2996 referuntur,
783 2917 978 2980 examinare
1001 2925 1034 2980 et
1058 2915 1248 3000 approhare
1267 2937 1344 2980 con·

216 3029 393 3112 scacarioa,
419 3029 686 3112 concionatores,
707 3029 894 3114 parochos,
916 3035 996 3110 eto,
1021 3037 1107 3110 etc.;
1130 3052 1211 3118 ergo
1230 3029 1342 3118 requi-

216 3142 302 3206 ritur
329 3149 368 3208 ut
394 3142 575 3231 episcopus
603 3142 813 3231 theologiam
842 3142 1070 3229 dogmaticam
1098 3152 1133 3208 et
1160 3141 1340 3224 moralem,

216 3255 356 3343 insuper
375 3264 409 3322 et
423 3257 481 3344 jus
501 3257 704 3322 canonicum
723 3257 876 3345 apprime
895 3257 1030 3322 calleat,

264 3369 302 3434 B.
327 3368 445 3446 Quoad
465 3371 605 3436 modum
624 3371 868 3458 comprobandi
890 3371 975 3436 hanc
988 3372 1162 3436 scientiam
1177 3393 1190 3437 .·
1207 3375 1238 3437 l.
1258 3371 1344 3437 Con·

219 3483 336 3548 cilium
364 3484 470 3567 Trid.,
500 3485 558 3550 cit.
587 3507 661 3573 cap.
695 3484 921 3571 Quicumque,
952 3492 1031 3573 post
1058 3484 1160 3550 verba
1189 3486 1344 3574 superius

218 3595 342 3680 relata,
364 3597 435 3663 haec
459 3598 584 3664 addit:
612 3625 628 3660 ι(
656 3598 803 3687 Ideoque
827 3605 943 3681 antea,
969 3599 1004 3664 in
1027 3599 1248 3665 universitate
1271 3607 1345 3665 stu-

219 3709 369 3794 diorum,
403 3713 566 3798 mapiater
603 3713 676 3778 sive
713 3715 832 3778 doctor
870 3720 929 3778 aut
966 3714 1155 3778 licentiatus
1184 3714 1219 3778 in
1250 3737 1344 3779 sacra

221 3824 389 3912 theologia
409 3825 464 3891 vel
481 3828 566 3913 jure
590 3827 747 3892 canonico
771 3827 893 3892 merito
918 3827 962 3892 sit
985 3835 1179 3915 promotus,
1202 3834 1261 3893 aut
1283 3850 1345 3915 pu·

219 3935 309 4003 blico
328 3939 472 4027 alicujus
490 3939 671 4005 academiae
686 3940 883 4006 testimonio
898 3939 1041 4006 idoneus
1060 3942 1103 4007 ad
1123 3942 1207 4006 alios
1222 3941 1345 4006 docen-

220 4051 283 4116 dos
309 4053 522 4119 ostendatur.
545 4051 644 4132 Quod
668 4055 698 4120 si
722 4054 902 4142 Regularis
928 4053 1046 4138 fuerit,
1072 4078 1092 4121 a
1115 4053 1346 4144 superioribus

252 4217 261 4252 ¹
280 4218 345 4281 Cap.
360 4217 428 4276 Quia
443 4231 516 4277 vero,
530 4225 557 4278 ²,
574 4233 640 4268 sess.
655 4219 689 4279 V,
705 4220 747 4268 Dr
762 4235 821 4270 nar.

253 4295 345 4359 ’Cap
361 4295 581 4355 Prndicationic,
599 4301 627 4358 ⁴,
643 4313 709 4347 acas.
726 4297 824 4358 XXIV,
841 4299 882 4348 Da
898 4315 956 4348 aar.
