3290 5060
315 510 359 559 DE
378 507 563 559 onnlntnlo
582 508 623 557 ET
642 506 802 557 LEGITIMO
821 505 1059 556 onnlnltnortls
1079 503 1238 554 nlntsrno
1307 499 1337 552 tt

212 651 358 717 sumitur
377 659 411 716 et
430 649 689 738 comprehendit
712 657 858 715 matrem
876 649 912 712 in
931 647 1065 713 casibus
1084 646 1207 734 quibus
1223 670 1341 712 secun·

211 765 292 830 dum
307 766 365 854 jus
385 764 429 830 ad
442 771 575 855 patrem
595 765 714 854 nequit
731 763 858 830 recurri
877 790 893 823 »
905 768 925 828 ¹.

255 879 453 944 Notandum
472 885 525 944 est
548 878 637 943 filios
656 878 715 966 qui
740 878 919 963 legitimati
943 883 1023 942 sunt
1046 899 1106 965 per
1129 875 1340 966 subsequens

212 994 468 1058 matrimonium
495 999 693 1081 parentum,
724 991 791 1057 dici
819 998 854 1056 et
882 1015 957 1056 esse
986 1013 1064 1056 vere
1095 991 1277 1076 legitimos,
1307 999 1341 1056 et

209 1107 494 1193 legitimationem
514 1107 695 1173 retrotrabi
714 1107 758 1170 ad
772 1113 908 1194 tempus
928 1105 1128 1188 nativitatis,
1146 1113 1181 1170 et
1200 1105 1340 1193 proinde

212 1222 253 1286 iis
273 1220 476 1309 applicanda
496 1243 570 1286 esse
591 1220 703 1286 omnia
720 1243 795 1308 quae
815 1219 1081 1308 supradiximus
1101 1219 1143 1284 de
1162 1219 1337 1306 legitimis.

255 1335 291 1399 ’2ο
310 1333 429 1410 Quoad
447 1336 626 1421 expositos.
643 1335 753 1398 -De
772 1333 825 1398 his
845 1334 916 1398 haec
936 1333 1102 1400 dicenda:

254 1471 286 1512 a.
310 1448 346 1513 Si
368 1449 569 1534 ignorentur
591 1455 665 1512 tum
689 1454 848 1536 parentes
871 1445 932 1512 filii
956 1447 1119 1534 expositi,
1146 1453 1220 1512 tum
1243 1446 1340 1512 locus

210 1561 286 1649 ejus
311 1562 470 1649 originis,
497 1561 589 1626 filius
618 1562 795 1650 expositus
821 1562 1047 1648 presumitur
1076 1567 1175 1624 natus
1204 1562 1239 1625 in
1269 1562 1339 1626 loco

209 1677 439 1762 expositionis,
456 1677 535 1764 quia
554 1699 672 1741 revera
691 1677 756 1741 hoo
769 1675 970 1765 plerumque
985 1675 1039 1754 fit;
1054 1674 1144 1739 unde
1160 1675 1339 1763 episcopus

209 1790 351 1877 originis
370 1796 424 1855 est
442 1790 621 1878 episcopus
638 1790 741 1878 hujus
760 1791 838 1856 loci.

255 1905 289 1968 b.
312 1905 349 1970 Si
368 1905 567 1992 ignorentur
586 1912 761 1992 parentes,
784 1910 919 1969 constet
937 1926 1018 1968 vcro
1038 1905 1080 1968 de
1103 1903 1195 1986 loco,
1216 1925 1339 1990 nempe

210 2017 366 2099 dioecesi,
389 2018 529 2106 originis
551 2019 602 2107 (v.
624 2042 672 2106 g.,
694 2042 755 2106 pcr
774 2017 973 2083 schedulam
997 2027 1124 2083 certam
1142 2015 1335 2104 baptismi),

210 2139 353 2196 censent
372 2133 476 2198 etiam
494 2131 610 2220 plures
629 2132 739 2196 filium
758 2133 950 2220 expositum
970 2133 1139 2220 pertinere
1159 2133 1203 2196 ad
1228 2131 1339 2194 locum

205 2247 444 2332 expositionis,
475 2269 544 2310 non
572 2269 653 2311 vero
681 2246 724 2312 ad
749 2246 863 2311 locum
891 2245 1048 2310 indicatae
1075 2245 1231 2334 originis,
1259 2245 1338 2332 quia

209 2360 403 2445 ignorantia
423 2360 512 2424 circa
535 2367 693 2448 parentes
717 2361 752 2424 in
772 2362 848 2425 loco
868 2359 970 2447 hujus
994 2361 1151 2447 originis,
1172 2381 1338 2448 praesum-

207 2473 362 2560 ptionem
377 2497 516 2561 gravem
531 2473 674 2555 inducit,
684 2473 793 2539 filium
805 2473 851 2538 ibi
864 2480 982 2539 natum
994 2497 1069 2539 esse
1082 2497 1124 2538 ex
1137 2473 1334 2538 accidenti¹.

253 2610 282 2653 c.
305 2586 342 2652 Si
361 2594 511 2670 constet,
533 2588 589 2654 vel
609 2589 742 2670 statim,
764 2590 820 2652 vel
839 2589 937 2676 lapsu
956 2588 1132 2675 temporis,
1155 2587 1196 2652 de
1215 2609 1337 2675 paren-

208 2699 317 2783 tibus,
340 2708 422 2766 tunc
441 2701 532 2766 filius
556 2702 732 2790 expositus
751 2708 804 2766 est
828 2702 1016 2788 legitimus,
1036 2701 1092 2766 vel
1117 2701 1338 2786 illegitimo&

207 2813 299 2879 unde
319 2814 351 2880 ei
370 2815 571 2904 applicanda
591 2824 672 2882 sunt
686 2839 760 2904 quae
780 2839 883 2903 supra
903 2817 992 2881 dicta
1012 2822 1093 2880 sunt
1111 2839 1172 2902 pro
1191 2822 1337 2902 utroque

208 2951 302 2993 casu.
319 2967 364 2977 -
374 2929 569 2994 Notandum
580 2929 946 3016 estfiliumcxpositum
957 2930 1052 3017 gravi
1064 2929 1218 2994 laborare
1229 2929 1338 3016 suspi-

208 3041 304 3106 cione
315 3041 570 3129 illegitimitatis
581 3049 615 3108 et
624 3043 765 3131 proinde
778 3043 1074 3130 irregularitatis³;
1089 3043 1179 3107 unde
1190 3043 1338 3107 ordinari

207 3156 328 3243 nequit
336 3155 403 3220 nisi
412 3157 587 3243 praemissa
598 3165 755 3222 accurata
763 3158 981 3245 inquisitione
989 3158 1030 3223 de
1041 3158 1337 3244 nativitate3quod

208 3269 237 3332 si
257 3269 457 3356 legitimitas
476 3279 651 3336 remaneat
669 3271 814 3354 incerta,
836 3272 1020 3360 requiritur
1035 3271 1255 3360 dispensatio.

254 3383 290 3448 3⁰
310 3381 429 3458 Quoad
443 3385 630 3450 derelictos.
647 3423 692 3435 —
708 3385 752 3450 Hi
772 3393 852 3450 sunt
871 3387 941 3474 qui,
959 3409 1037 3450 oum
1056 3392 1171 3450 essent
1189 3385 1333 3474 parvuli,

207 3497 396 3561 amiserunt
425 3505 600 3585 parentes,
631 3497 739 3579 bello,
768 3499 825 3564 vel
853 3497 1045 3586 naufragiO,
1077 3499 1132 3564 vel
1160 3499 1225 3564 alio
1255 3522 1336 3563 casu

208 3617 378 3690 mortuos,
403 3611 495 3676 unde
521 3612 681 3700 ignorant
707 3635 787 3678 suos
810 3595 974 3700 parentes·
992 3621 1027 3678 et
1049 3613 1206 3702 patriam.
1232 3613 1337 3678 Juxta

208 3723 471 3810 probabiliorem
490 3727 715 3808 sententiam,
737 3728 761 3793 ii
780 3736 861 3793 sunt
879 3727 1053 3814 originarii
1072 3727 1163 3792 illius
1178 3728 1260 3807 loci,
1277 3725 1337 3790 ubi

208 3839 356 3926 primum
384 3840 511 3928 recepti
540 3848 636 3922 sunt,
665 3842 744 3930 quia
772 3849 1025 3930 praesumuntur
1050 3841 1098 3906 ibi
1123 3842 1214 3922 nati3
1243 3841 1337 3928 quod

206 3953 394 4017 tenendum
412 3961 478 4036 est,
500 3955 580 4020 licet
597 3955 678 4020 alibi
696 3963 816 4043 postea
833 3956 901 4044 ipsi
919 3955 1131 4021 domicilium
1151 3955 1331 4042 clegerint,

239 4147 247 4180 ¹
267 4147 440 4206 Honorante‚
457 4149 508 4199 loc.
524 4148 580 4208 cit,
596 4165 619 4198 c.
636 4167 657 4210 1,
675 4153 731 4198 not.
745 4155 768 4208 9,
785 4151 896 4199 secund.
910 4151 986 4211 dub.,
1002 4167 1028 4214 p.
1047 4157 1084 4198 ts.

238 4224 249 4258 ²
267 4225 307 4274 lta
321 4224 493 4285 Honoratum,
510 4226 588 4285 ibid„
604 4231 668 4278 tert.
681 4229 757 4286 dub„
774 4244 800 4291 p.
815 4233 854 4278 2⁰.

238 4303 303 4352 ³Ct.
322 4304 494 4364 llonorante,
512 4305 591 4364 ibid„
603 4321 629 4368 p.
647 4311 685 4354 tt).
