3246 5052
354 417 404 496 5²58
691 445 734 494 DE
754 445 884 496 amaus
903 443 1138 494 onolntrloms

352 589 500 655 ordinari
519 589 606 652 intra
627 587 777 652 divinam
795 587 1004 674 liturgiam¹;
1026 626 1070 636 -
1089 587 1120 653 3.
1144 586 1228 666 Imo,
1251 586 1322 651 haec
1337 608 1477 652 consue-

352 705 434 768 tudo
453 703 725 768 retroascendere
740 701 875 766 videtur
886 701 929 766 ad
942 724 1051 790 usque
1064 709 1218 788 tempora
1230 701 1474 789 apostolorum,

351 827 389 882 ut
408 817 585 882 deducitur
603 839 645 880 ex
659 815 713 880 his
732 815 846 880 verbis
865 815 973 902 (Act,
996 837 1065 896 xiii,
1089 815 1185 904 2-3):
1210 838 1225 878 (
1248 814 1478 880 Ministranti·

351 934 415 998 bus
434 939 548 996 autem
569 931 637 995 iltis
660 929 821 1012 Domino,
843 936 877 994 et
896 927 1150 1016 jejunantibus,
1173 928 1260 993 dixit
1283 929 1353 994 illis
1372 928 1477 1015 Spiri-

350 1053 406 1113 tus
426 1044 596 1112 Sanctus:
618 1043 801 1132 Segregate
822 1043 905 1108 mihi
924 1043 1066 1110 Saulum
1081 1051 1115 1108 et
1131 1041 1363 1108 Barnabam...
1381 1043 1476 1106 Tune

345 1160 558 1248 jejunanteS,
581 1165 614 1223 et
638 1165 791 1240 orantes,
815 1158 1090 1244 imponentesque
1113 1159 1160 1221 eis
1180 1180 1317 1240 manus,
1339 1156 1477 1220 dimise·

350 1281 429 1339 runt
449 1273 543 1354 illos;
563 1297 577 1336 r
597 1272 667 1336 haec
680 1271 770 1336 eninr
790 1270 916 1338 verba:
939 1272 1212 1337 ministrantibus
1228 1271 1296 1335 iilis
1315 1271 1473 1353 Domino,

349 1385 602 1476 λειτουργούντων
615 1375 648 1448 δὲ
667 1380 769 1447 αὑτῶν
781 1393 827 1465 τῷ
850 1381 966 1472 Κυρίῳ,
989 1385 1089 1472 juxta
1123 1407 1340 1450 communem
1369 1385 1475 1448 inter-

349 1503 573 1591 pretationem
594 1507 628 1566 et
646 1498 784 1565 obvium
803 1523 955 1582 sensum,
972 1500 1057 1564 nihil
1076 1499 1169 1564 aliud
1188 1499 1377 1586 significare
1396 1521 1477 1585 pos-

349 1623 446 1696 sunt,
468 1637 570 1703 quam
590 1615 745 1679 diuinum
763 1615 970 1698 sacrificium
982 1617 1004 1693 ²,
1027 1613 1116 1678 intra
1136 1613 1228 1702 quod
1247 1612 1409 1700 apostoli,
1430 1610 1474 1676 ad

349 1729 542 1816 exemplum
571 1725 714 1809 Christi,
744 1727 936 1792 sacerdotes
962 1725 1177 1792 ordinabant.
1205 1765 1250 1775 -
1278 1725 1374 1792 Unde
1400 1725 1473 1789 haec

348 1841 571 1924 consuetude,
602 1863 704 1928 quam
731 1841 834 1906 etiam
860 1841 1022 1928 supponit
1045 1841 1243 1926 Pontifieale
1262 1840 1470 1920 Romanum,

348 1957 418 2021 vim
438 1955 539 2021 habet
558 1955 644 2042 legis
657 1955 873 2036 universalis,
895 1955 963 2020 imo
979 1955 1201 2042 gravissimae,
1219 1977 1239 2020 a
1259 1976 1325 2042 qua
1338 1953 1473 2041 dispen-

348 2077 460 2134 satum
493 2069 596 2134 tuisse
625 2092 693 2133 non
723 2075 776 2134 est
805 2069 960 2134 auditum
993 2092 1012 2133 a
1045 2068 1181 2134 saeeulo.
1219 2106 1263 2118 —
1300 2067 1472 2154 Quidquid

347 2191 462 2248 tamen
486 2184 645 2248 dixerunt
667 2183 773 2270 aliqui
787 2183 809 2264 ³,
841 2183 946 2248 missa
971 2206 1040 2247 non
1063 2183 1210 2270 pertinet
1232 2182 1276 2246 ad
1298 2182 1472 2246 essentiam

347 2297 585 2378 ordinationis;
608 2319 670 2362 nec
696 2297 787 2361 enim
813 2303 934 2362 natura
967 2319 1039 2378 sua,
1062 2319 1124 2362 nec
1153 2302 1321 2384 praecepto
1341 2294 1468 2374 divino,

348 2411 460 2474 missae
480 2411 618 2498 alligata
637 2417 689 2475 est
700 2410 880 2476 ordinatio.

392 2526 428 2588 20
447 2526 527 2590 Haec
547 2527 647 2590 missa
662 2525 827 2590 celebrari
841 2525 938 2590 debet
957 2527 1001 2590 ab
1021 2525 1091 2611 ipso
1110 2526 1262 2611 episcopo
1281 2524 1468 2604 ordinante,

347 2638 414 2720 vel,
437 2639 465 2703 si
485 2644 605 2725 agatur
619 2637 660 2704 de
675 2640 929 2704 consecratione
949 2639 1145 2726 episcopali,
1163 2637 1205 2704 ab
1220 2639 1379 2726 episcopo
1394 2659 1471 2702 con-

347 2759 527 2818 secratore.
549 2791 593 2800 -
611 2752 724 2818 Nam:
748 2755 779 2819 I.
801 2753 875 2818 Hoc
900 2752 1078 2818 deducitur
1101 2776 1143 2818 ex
1167 2752 1286 2818 eadem
1310 2757 1470 2840 perpetua

346 2873 380 2930 et
412 2865 596 2930 universali
625 2867 883 2948 consuetudine,
906 2865 1005 2954 juxta
1033 2890 1137 2955 quarn
1165 2866 1301 2932 ordines
1328 2865 1470 2953 majores

346 2987 510 3069 perpetuo
528 2977 751 3067 perhibentur
765 3003 834 3045 non
848 2987 981 3046 tantum
997 2981 1085 3047 intra
1104 2981 1243 3046 missam
1263 2978 1390 3059 collati,
1413 2977 1471 3042 sed

346 3094 449 3158 etiam
479 3095 569 3158 intra
594 3094 732 3159 missam
759 3095 864 3181 ipsius
887 3096 1032 3180 episcopi
1060 3095 1273 3174 ordinantis,·
1296 3113 1469 3178 nunquam

346 3208 439 3273 enim
467 3207 501 3270 in
529 3206 646 3274 relatis
666 3207 922 3274 Pontificalibus
947 3208 1135 3295 ceterisque
1164 3205 1394 3286 documentis,
1422 3203 1470 3266 in·

347 3321 482 3386 ducitur
497 3305 592 3386 ’alius
616 3321 773 3385 sacerdos
796 3320 987 3402 celebrans,
1014 3327 1137 3408 praeter
1162 3320 1359 3408 episcopum
1382 3316 1470 3382 ordi-

348 3441 503 3514 nantem;
525 3470 570 3483 —
588 3434 620 3500 2.
638 3434 742 3500 Juxta
761 3435 847 3499 hanc
863 3435 1161 3516 consuetudinem,
1183 3433 1312 3521 pluries
1331 3431 1366 3500 S.
1389 3429 1469 3496 Offi-

347 3549 449 3629 cium,
466 3556 525 3613 aut
543 3548 656 3636 potius
676 3549 807 3614 romani
821 3549 999 3637 pontifices
1010 3549 1044 3614 in
1065 3547 1099 3615 S.
1118 3547 1250 3629 Officio,
1266 3549 1471 3612 censuerunt

380 3675 510 3764 inum,
526 3701 555 3749 r.
572 3701 612 3760 o,
628 3704 648 3750 t.
665 3717 686 3760 ι,
702 3702 753 3751 001.
769 3705 830 3750 iou
845 3717 885 3764 sq.

379 3779 390 3814 ²
408 3778 446 3826 CI.
461 3779 578 3836 Grimm,
596 3777 685 3827 Clanis
700 3779 768 3829 Noui
787 3779 963 3839 Testamenti,
975 3781 1012 3826 v¹¹
1024 3784 1181 3844 λειτουργίαι,
1197 3778 1346 3843 tetrennia,
1364 3777 1468 3841 Lipsiae,

349 3859 410 3906 1888
463 3893 468 3904 .
485 3861 538 3904 261.

381 3871 489 3996 'biihd
506 3934 620 3995 Hallier,
641 3939 711 3998 part.
728 3934 766 3995 11,
787 3940 853 3986 sect.
870 3951 930 3996 rm,
951 3951 974 3987 c.
993 3953 1018 3997 v,
1038 3941 1089 3986 art.
1106 3943 1132 3996 2,
1156 3937 1208 3986 col.
1228 3939 1297 3984 risa.
1317 3935 1470 3999 Fugnanus,

348 4014 376 4061 in
396 4026 454 4074 cap.
472 4013 538 4060 Cum
557 4013 687 4075 uenisset,
703 4019 729 4072 1,
746 4014 784 4062 De
798 4029 876 4064 sacra
892 4015 1031 4076 unctione,
1049 4031 1074 4063 n.
1091 4019 1117 4073 8,
1139 4019 1181 4074 5t,
1197 4015 1263 4063 dicit
1280 4013 1394 4062 dubium
1412 4027 1472 4061 esse

349 4095 441 4140 utrum
456 4093 537 4139 missa
552 4092 588 4142 sit
597 4093 630 4140 dc
645 4091 797 4141 substantia
808 4093 994 4152 ordinationis,
1006 4107 1099 4152 necne,
1111 4096 1139 4142 et
1153 4094 1222 4152 idco,
1234 4093 1256 4141 si
1271 4093 1371 4142 omissa
1381 4091 1471 4150 tuerit,

349 4170 547 4218 ordinationem
569 4184 627 4218 esse
653 4171 822 4230 iterandum
849 4186 942 4220 verunt
969 4171 1020 4220 hoc
1041 4175 1084 4220 est
1108 4171 1305 4234 Improbabite;
1330 4171 1365 4219 ct.
1388 4170 1473 4220 Bene-

349 4247 453 4296 dictum
473 4248 545 4308 XIV,
560 4247 599 4296 De
613 4248 731 4312 synodo,
749 4249 794 4298 lib.
807 4249 885 4308 VIII,
901 4265 924 4299 c.
940 4265 979 4308 xi,
996 4265 1021 4300 n.
1037 4257 1060 4299 6.
