3248 5052
323 457 374 510 (itt)
680 461 722 508 aa
742 461 845 509 sacua
865 461 1092 510 ouulsfflos'u

322 601 500 680 disputandi
522 601 627 660 libera.
650 603 791 682 Denique
811 603 989 663 earumdem
1009 605 1263 684 congressionum
1284 611 1367 676 acta,
1386 627 1448 666 una

322 718 393 757 cum
409 697 520 756 ceteris
534 696 747 769 documentis,
765 699 994 759 venerabilibus
1010 701 1159 761 tratribus
1175 701 1289 760 nostris
1304 701 1448 761 cardina-

322 795 404 854 libus
418 815 456 854 ex
471 793 578 852 eodem
597 793 735 853 Consilio
753 795 902 876 jussimus
917 795 1063 856 exhibere
1083 797 1203 868 omnia,
1223 797 1276 878 qui
1298 796 1446 856 meditata

322 912 430 962 eausa,
446 911 543 969 eaque
559 911 663 950 coram
681 890 779 950 Nobis
794 890 907 951 deinde
922 893 1053 971 agitata,
1072 915 1158 953 suam
1175 894 1306 974 quisque
1322 901 1447 953 senten-

322 989 394 1048 tiam
410 986 560 1046 dicerent,

362 1083 429 1143 lloc
449 1082 600 1142 ducenda·
621 1084 662 1142 rei
684 1083 793 1142 ordine
813 1085 1006 1164 praestituto,
1027 1085 1065 1144 ad
1086 1085 1226 1144 intimam
1248 1095 1350 1145 tamen
1366 1088 1447 1146 aesti-

322 1181 488 1240 mationem
505 1201 605 1264 causa*
621 1201 744 1259 aequum
761 1189 827 1240 erat
843 1201 904 1240 non
920 1189 992 1240 ante
1007 1180 1145 1258 aggredi,
1163 1203 1256 1262 quam
1273 1182 1302 1241 id
1318 1191 1445 1261 perstu-

320 1277 406 1336 diose
428 1276 593 1356 quesitum
619 1277 830 1355 apparuisset,
855 1298 918 1358 quo
941 1277 1010 1336 loco
1032 1298 1066 1336 ea
1084 1278 1148 1358 jam
1172 1285 1252 1336 esset
1274 1277 1444 1338 secundum

319 1373 498 1452 apostolicae
526 1372 614 1432 Sedis
637 1373 888 1452 praescriptiones
908 1373 1147 1454 institutamque
1166 1373 1442 1448 consuetudinem

321 1469 410 1550 cujus
434 1467 669 1527 consuetudinis
694 1477 723 1527 et
750 1469 835 1528 initia
861 1477 891 1528 et
913 1469 976 1528 vim
1004 1471 1107 1548 magni
1130 1469 1271 1549 protecto
1295 1471 1444 1530 intererat

320 1563 475 1644 reputare.
493 1564 644 1631 Quocirca
661 1565 691 1624 in
711 1565 818 1644 primis
834 1587 984 1646 perpensa
1001 1574 1073 1625 sunt
1086 1565 1273 1626 documenta
1287 1567 1443 1646 praecipua

319 1660 433 1742 quibus
446 1660 623 1719 decessores
638 1661 759 1732 Nostri,
778 1671 887 1740 rogatu
902 1661 1017 1740 reginae
1032 1662 1154 1733 Mariae,
1170 1663 1342 1740 singulares
1354 1683 1443 1722 curas

318 1756 355 1817 ad
370 1757 653 1816 reconciliationem
666 1757 802 1818 eeclesiae
818 1757 947 1836 anglicae
963 1759 1175 1818 contulerunt.
1189 1759 1266 1818 Nam
1282 1758 1384 1818 Julius
1398 1759 1441 1817 lll

319 1853 505 1928 cardinalem
525 1852 730 1930 Reginaldum
749 1853 841 1926 Pola,
860 1855 984 1914 natione
1000 1853 1151 1934 Anglum‚
1170 1855 1336 1935 multiplici
1351 1855 1442 1914 laude

318 1949 482 2020 eximium,
498 1949 645 2026 Legatum
660 1949 697 2007 de
710 1948 803 2009 tatere
820 1950 857 2009 ad
874 1950 905 2009 id
918 1971 998 2030 opus
1008 1950 1176 2010 destinavit
1189 1959 1338 2033 tanquam
1350 1950 1441 2030 pacis

317 2052 346 2104 et
361 2043 540 2104 dilectionis
553 2043 702 2126 angelum
719 2065 828 2122 saum,
843 2047 932 2128 eique
949 2047 1093 2106 mandata
1109 2068 1163 2106 seu
1175 2047 1339 2107 facultates
1355 2055 1439 2106 extra

316 2141 456 2200 ordinem
485 2161 669 2221 normasque
696 2142 806 2218 agendi
835 2142 1000 2215 tradidit¹;
1022 2165 1098 2224 quas
1124 2143 1237 2203 deinde
1261 2143 1373 2204 Paulus
1397 2143 1440 2201 lv

315 2238 512 2296 confirmavit
527 2245 558 2295 et
573 2237 754 2297 declaravit.
773 2237 808 2296 ln
824 2259 886 2320 quo
905 2247 939 2298 ut
957 2247 1041 2300 recte
1058 2240 1224 2319 colligatur
1241 2239 1389 2322 quidnam
1407 2240 1437 2298 in

317 2357 348 2393 se
361 2343 601 2394 commemorata
616 2333 802 2394 documenta
814 2334 947 2394 habeant
959 2335 1120 2414 ponderiS,
1134 2337 1177 2395 sic
1188 2343 1314 2417 oportet
1327 2335 1437 2394 lunda-

317 2431 412 2490 menti
429 2432 525 2489 instar
540 2437 676 2488 statuere
690 2450 797 2489 eorum
813 2431 1009 2510 propositum
1026 2452 1220 2512 nequaquam
1239 2453 1256 2492 a
1275 2453 1307 2490 re
1322 2431 1438 2491 abstra-

315 2535 398 2586 ctum
420 2527 530 2598 tuisse,
553 2526 606 2586 sed
629 2525 671 2585 rei
692 2527 818 2586 omnino
839 2527 992 2586 inhaerens
1013 2548 1048 2588 ac
1068 2528 1234 2607 peculiare.
1256 2528 1336 2588 Cum
1355 2527 1437 2586 euim

316 2624 479 2684 facultates
499 2625 612 2701 Legato
625 2621 798 2702 apostolico
813 2622 852 2682 ab
870 2623 907 2683 iis
926 2623 1126 2703 pontificibus
1142 2623 1281 2696 tributae,
1294 2623 1435 2702 Angliam

314 2721 476 2780 dumtaxat
501 2718 722 2798 religionisque
748 2719 777 2776 in
800 2739 835 2777 ea
857 2727 974 2778 statum
995 2721 1200 2798 respicerent,
1224 2740 1340 2779 norma
1363 2720 1435 2778 item

315 2816 425 2896 agendi
451 2815 488 2874 ab
513 2814 629 2873 eisdem
654 2814 754 2873 eidem
783 2815 898 2892 Legata
925 2816 1077 2896 quaerenti
1102 2815 1283 2895 impertitae,
1310 2815 1435 2874 minime

314 2912 439 2992 quidem
457 2933 523 2970 esse
544 2918 689 2990 poterant
710 2910 746 2970 ad
769 2909 819 2970 illa
839 2911 1011 2989 generatim
1031 2910 1225 2971 decernenda
1242 2912 1308 2970 sine
1323 2910 1436 2992 quibus

314 3029 408 3067 sacrm
428 3007 639 3066 ordinationes
661 3027 722 3065 uon
744 3007 882 3078 valeant,
904 3007 957 3067 sed
979 3007 1136 3067 debebant
1157 3009 1288 3067 attinere
1311 3007 1435 3087 proprie

313 3105 351 3164 ad
372 3102 598 3184 providendum
617 3101 656 3160 de
674 3101 836 3162 ordinibus
851 3103 946 3162 sacris
966 3103 997 3162 in
1018 3125 1055 3162 eo
1075 3124 1186 3181 regno,
1205 3112 1299 3182 prout
1318 3111 1435 3182 tempo-

314 3221 380 3259 rum
393 3199 560 3258 monebant
572 3219 738 3278 rerumque
751 3198 950 3258 condiciones
965 3199 1124 3280 expositae.
1143 3199 1210 3258 Hoc
1226 3199 1343 3280 ipsum,
1358 3220 1436 3279 prae-

314 3305 453 3376 terquam
479 3293 562 3375 quod
587 3315 624 3354 ex
650 3303 760 3354 natura
787 3303 818 3354 et
847 3295 940 3355 modo
967 3295 1147 3355 eorumdem
1176 3295 1434 3356 documentorum

313 3391 510 3470 perspicuum
539 3398 602 3464 est,
631 3389 704 3449 inde
733 3391 849 3470 pariter
878 3391 990 3472 liquet,
1026 3390 1111 3472 quod
1141 3390 1276 3451 alienum
1308 3411 1435 3470 prorsus

313 3488 435 3563 luisset,
452 3487 493 3546 ita
507 3487 587 3546 velle
605 3487 643 3546 de
661 3487 697 3546 iis
716 3509 785 3568 quae
810 3495 1003 3547 sacramento
1027 3487 1145 3547 ordinis
1164 3487 1355 3548 conficiendo
1380 3509 1435 3547 ne-

311 3605 395 3643 eesse
409 3590 497 3656 sunt,
515 3583 741 3663 propemodum
755 3583 985 3643 commonefieri
1003 3585 1167 3662 Legatum,
1185 3603 1317 3664 eumque
1332 3583 1435 3642 virum

310 3679 399 3760 cujus
415 3679 555 3737 doctrina
571 3680 663 3738 etiam
681 3679 711 3736 in
727 3680 859 3739 concilio
872 3679 1055 3739 Tridentino
1071 3679 1220 3740 eluxerat.

352 3775 413 3834 lsta
433 3775 527 3854 probe
550 3774 726 3834 tenentibus
747 3795 809 3834 non
828 3775 997 3836 difficulter
1017 3776 1136 3856 patebit
1155 3797 1250 3856 quare
1269 3775 1300 3834 in
1321 3775 1435 3836 litteris

308 3855 1433 3952 «tuliillladLegatumapostolicumperscriptisdievurmartiiMDLlV,

309 3967 454 4028 distincta
475 3967 514 4026 sit
534 3967 651 4026 mentio
666 3966 704 4026 de
721 3968 757 4026 iis
773 3968 907 4048 primum
922 3967 976 4050 qui
997 3967 1057 4028 rite
1077 3975 1107 4028 et
1125 3967 1265 4051 legitime
1275 3967 1432 4048 promoti,

339 4195 347 4226 ¹
370 4193 398 4242 td
420 4193 519 4243 tactum
538 4197 651 4254 augusto
672 4209 763 4242 mense
784 4193 900 4242 MDLttt
921 4208 969 4255 per
988 4195 1091 4243 litteras
1112 4193 1163 4242 sub
1183 4194 1310 4257 plumbo:
1327 4193 1356 4242 Si
1373 4195 1432 4246 utto

308 4287 427 4336 uinquam
442 4275 568 4336 tempore,
586 4277 612 4320 ct
628 4273 690 4320 Post
708 4272 835 4321 nuntium
850 4271 946 4330 Nobis,
963 4275 1044 4335 atque
1059 4273 1133 4322 alias.
