3238 5052
273 510 318 558 DE
337 509 466 559 RlTlBUS
485 509 739 560 ESSEN'llALlBUS
759 509 1013 560 ORDINATlONUll
1035 509 1193 560 simonen
1244 509 1296 561 493

170 674 250 739 ergo
271 675 338 716 non
359 651 505 740 pertinet
524 651 567 716 ad
587 653 763 717 materiam
784 652 1001 730 sacramenti,
1020 652 1171 718 Ecclesia
1189 655 1292 734 enim,

170 766 260 830 hunc
279 767 384 831 ritum
403 766 582 851 recipiens,
605 789 672 830 non
689 767 800 853 potuit
818 765 927 832 facere
947 774 985 832 ut
1001 766 1046 831 ad
1067 766 1294 834 substantiam

170 880 373 945 sacramenti
388 880 567 968 pertineat,
586 903 675 960 cum,
688 881 788 967 juxta
801 880 982 944 concilium
995 879 1101 962 Trid,
1117 905 1190 968 cap.
1204 884 1294 948 Prae-

171 1003 276 1077 terea,
305 994 338 1074 2,
367 1017 451 1059 sess.
481 995 576 1073 XXI,
608 995 658 1059 Dr
687 1015 894 1060 connumera
924 1017 980 1060 sun
1008 1015 1154 1069 urniorn
1174 1018 1290 1079 serum,

169 1109 254 1174 nihil
269 1109 378 1196 possit
398 1109 549 1173 Ecclesia
564 1109 651 1173 circa
672 1108 898 1174 substantiam
919 1117 1219 1176 sacramentorum.

215 1339 309 1407 257.
326 1376 370 1388 -
389 1339 425 1402 2⁰
455 1340 657 1404 Vindicatur
677 1339 776 1402 tertie
796 1340 909 1424 opinio
930 1341 973 1403 ab
994 1341 1146 1426 objectis.

214 1455 257 1517 A.
290 1453 480 1518 Occurrunt
506 1453 656 1520 fautores
684 1452 840 1517 secundm
869 1454 1047 1520 sententiar
1076 1463 1109 1521 ct
1136 1455 1254 1522 dicunt
1282 1478 1289 1525 :

168 1565 324 1632 Christus
349 1590 417 1632 non
444 1567 683 1632 determinavit
713 1567 870 1651 inspecte
890 1568 1066 1632 materiam
1092 1576 1126 1633 et
1150 1569 1292 1635 formam

167 1679 269 1768 hujus
296 1681 515 1762 sacramenti,
538 1681 599 1746 sed
620 1688 754 1746 tantum
782 1682 816 1744 in
841 1701 982 1765 penere,·
1001 1681 1151 1750 instituit
1170 1707 1292 1772 nempe

167 1795 308 1860 effectus
339 1795 440 1884 hujus
468 1796 686 1874 sacramenti,
712 1795 992 1883 praecepitque
966 1796 1125 1860 Ecclesiae
1155 1821 1223 1863 suae
1255 1809 1293 1866 ut

168 1909 355 1995 eligeret'
326 1931 464 1994 srqnum
483 1909 624 1996 aliquod
643 1917 763 1994 aptum
787 1911 831 1972 ad
856 1910 916 1972 lios
937 1915 1075 1994 effectus
1095 1913 1291 1996 siqnisican-

167 2023 227 2087 doe
254 2031 286 2086 et
309 2023 568 2108 producendos,·
595 1998 685 2088 unde
713 2023 823 2110 primo
852 2024 989 2111 quidem
1014 2025 1165 2091 Ecclesia
1189 2027 1292 2114 elegit

168 2137 415 2221 impositionem
445 2159 625 2218 manuum,
653 2137 713 2200 sed
741 2137 880 2218 deinde,
906 2137 1029 2202 saltem
1055 2161 1115 2226 pro
1142 2139 1288 2222 latinis,

167 2248 298 2314 addidit
312 2250 562 2334 porrectionem
578 2251 885 2314 instrumentorum
892 2269 907 2332 ,·
921 2273 986 2337 qua
1002 2251 1132 2316 ratione
1149 2254 1287 2340 agendi,

166 2369 371 2450 potestatem
395 2385 491 2427 suam
511 2385 580 2426 non
600 2369 652 2426 est
672 2371 934 2450 praetergressa;
957 2385 1035 2427 nam
1055 2363 1088 2427 in
1110 2364 1171 2429 hac
1186 2365 1291 2454 hypo-

166 2475 256 2541 thesi
281 2477 347 2540 tate
370 2477 426 2541 vel
452 2477 517 2541 tale
542 2478 676 2564 signum
709 2499 776 2540 non
810 2477 955 2564 pertinet
990 2477 1032 2542 ad
1064 2480 1291 2546 substantiam

166 2591 386 2672 sacramenti,
404 2614 526 2679 nempe
546 2591 589 2656 ad
609 2591 641 2654 id
663 2590 753 2679 quod
772 2591 936 2655 divinitus
956 2591 1044 2656 inest
1065 2603 1288 2661 sacramento.

211 2705 309 2790 Hesp.
326 2727 339 2770 .·
361 2704 391 2769 l.
415 2705 495 2768 llaec
514 2704 655 2777 theoria,
678 2727 744 2791 qua
765 2705 902 2790 lingitur
922 2711 1127 2792 potestatem
1152 2731 1171 2770 a
1192 2709 1291 2774 Chri-

167 2825 220 2884 sto
242 2819 402 2884 Ecclesim
422 2819 535 2884 datam
560 2819 664 2883 luisse
689 2818 935 2884 determinandi
966 2821 1141 2885 materiam
1168 2829 1202 2887 et
1224 2823 1290 2886 lor-

166 2957 257 2999 mam
277 2933 479 2998 sacramenti
499 2933 643 3014 ordinis,
666 2955 804 3019 prorsus
824 2933 971 3018 gratuita
991 2942 1059 3014 est,
1083 2959 1143 2999 nec
1168 2935 1210 3000 ab
1230 2937 1291 3002 ad-

165 3049 325 3112 versariis
345 3047 409 3112 luit
429 3047 618 3134 excogitata
638 3047 704 3111 nisi
724 3055 762 3112 ut
781 3047 953 3112 solverent
967 3049 1204 3134 gravissimam
1224 3075 1290 3138 qua

165 3170 367 3252 premuntur
392 3162 640 3227 difficultatem.
664 3161 852 3226 Dicendum
882 3163 995 3248 potius
1022 3163 1126 3227 ritum
1153 3165 1290 3252 imposi-

166 3277 269 3340 tionis
300 3299 463 3341 manuum
488 3299 565 3341 cum
597 3276 737 3340 relativa
762 3276 914 3340 oratione
944 3276 1141 3342 manifestas
1160 3302 1229 3366 prae
1254 3305 1290 3346 se

166 3391 252 3456 lerre
279 3399 377 3456 notas
404 3391 627 3456 institutionis
657 3389 795 3468 divinam
824 3413 893 3453 non
920 3391 1011 3454 enim
1038 3392 1175 3456 inventa
1200 3401 1290 3460 esta

166 3505 314 3594 quodam
341 3505 484 3570 concilio
510 3513 569 3570 aut
598 3527 738 3568 romano
768 3504 951 3573 Pontilice.
983 3505 1044 3570 sed
1072 3506 1224 3574 adhibita
1248 3509 1290 3575 ab

165 3619 249 3707 ipsis
264 3619 439 3706 apostolis,
455 3627 489 3683 et
508 3619 576 3683 lere
593 3619 708 3684 statim
729 3625 807 3706 post
826 3619 1059 3684 ascensionem
1081 3621 1234 3704 Domini;
1257 3632 1291 3688 et

165 3735 245 3799 licet
283 3757 350 3798 non
384 3734 576 3798 inveniatur
614 3735 648 3797 in
680 3733 857 3820 scripturis
888 3755 1047 3820 expresse
1081 3735 1237 3801 instituta
1271 3761 1290 3802 a

167 3847 316 3928 Christo,
335 3855 486 3913 attamen
506 3871 525 3912 a
546 3847 675 3912 fortiori
696 3847 737 3912 de
757 3847 820 3910 hoc
840 3847 907 3911 ritu
926 3847 1106 3912 dicendum
1127 3853 1289 3939 estquod

166 3962 347 4028 concilium
367 3962 473 4043 Trid,
490 3985 564 4027 can.
583 3961 613 4042 l,
627 3985 715 4026 sess.
733 3961 824 4042 XIV,
843 3961 893 4024 De
907 3981 1113 4029 susannense
1132 3984 1291 4030 suranus

167 4099 347 4157 esurimus,
381 4077 480 4141 docet
509 4083 543 4142 et
579 4076 697 4141 definit
730 4076 771 4140 de
793 4075 870 4140 ritu
905 4083 1064 4140 extremae
1100 4079 1287 4160 unctionis,

166 4193 263 4258 illum
301 4215 422 4279 nempe
456 4191 560 4256 luisse
593 4190 635 4256 ab
669 4189 835 4280 apostolis
868 4191 1139 4277 promulgatum,
1177 4193 1237 4257 sed
1271 4219 1289 4259 a

166 4305 303 4372 Christo
322 4307 535 4386 institutum;
557 4328 596 4371 eo
616 4305 725 4392 magis
744 4304 835 4393 quod
862 4305 972 4391 agitur
996 4305 1037 4370 de
1063 4329 1100 4371 re
1126 4329 1288 4394 perquam
