3246 5052
347 449 397 501 sio
683 454 726 502 in:
748 453 875 503 airiacs
895 441 1153 502 onninirioxis'

346 595 472 666 riam¹;
501 625 515 655 ι)
548 596 683 683 alteque
713 595 816 660 silent
846 595 887 660 de
919 595 1090 660 oblatione
1120 595 1249 660 altaris.
1287 597 1370 672 Quae
1397 595 1469 680 jam

346 710 470 797 scripta
491 717 587 774 erant
607 711 640 774 in
661 710 743 776 edit.
765 734 807 775 an
834 711 927 791 1549,
950 711 1014 775 sub
1035 709 1220 774 Eduardo².

392 825 423 886 l.
448 825 615 889 Auctores
634 824 733 890 dicae
754 825 899 912 liturgiae
920 825 1078 911 rejiciunt
1097 824 1355 888 Sacramentum
1376 825 1468 887 ordi-

347 941 414 1020 nis,
436 945 475 1002 ut
503 946 637 1003 constat
662 963 703 1002 ex
725 939 808 1026 ipsis
828 940 885 1002 cit.
913 939 1081 1002 .lrticulis
1113 939 1301 1021 relipionis,
1324 946 1388 1002 art.
1412 938 1466 1013 25,

346 1051 404 1114 ubi
424 1052 576 1138 legitur:
601 1081 616 1110 (ι
639 1053 714 1117 Duo
733 1063 812 1117 sunt
831 1062 1041 1117 sacramenta
1062 1054 1217 1116 instituta
1236 1075 1255 1116 a
1276 1053 1413 1116 Christo
1435 1053 1468 1115 in

345 1168 528 1250 eranpelim
547 1191 664 1252 nempe
684 1169 878 1253 Baptismus
898 1176 930 1230 ct
948 1191 1038 1232 coena
1059 1168 1217 1239 Domini:
1234 1167 1299 1231 ista
1318 1167 1469 1253 quinque

347 1283 450 1366 vulgo
474 1280 563 1346 dicta
595 1289 822 1362 sacramenta,
844 1281 878 1346 id
909 1289 977 1362 est,
1004 1281 1232 1362 confirmatio,
1255 1281 1467 1368 pernitentiis,

347 1396 492 1478 ordines,
511 1397 764 1460 matrimonium
785 1404 819 1462 et
838 1403 989 1461 extrema
1008 1396 1139 1476 unctio,
1162 1394 1277 1458 haberi
1297 1403 1471 1482 nequeunt

347 1517 384 1572 ut
411 1519 623 1575 sacramenta
650 1511 830 1596 evangelii,
862 1535 939 1576 cum
973 1511 1042 1575 sint
1069 1518 1202 1574 tantum
1230 1509 1285 1574 vel
1311 1515 1469 1595 corrupta

348 1623 490 1688 imitatio
511 1625 756 1712 apostolorum,
774 1625 829 1689 vel
843 1635 951 1690 status
964 1627 1038 1689 vitae
1054 1627 1089 1689 in
1102 1626 1282 1708 scripturis
1292 1625 1451 1708 permissi
1457 1643 1471 1702 ,·

347 1739 407 1801 sed
441 1762 508 1802 non
549 1738 676 1803 habent
716 1739 860 1803 similem
899 1747 1054 1804 naturam
1093 1745 1397 1816 sacramentorum,
1431 1759 1470 1800 ac

348 1853 544 1939 Baptismus
576 1861 609 1918 et
643 1877 737 1918 eoenn
773 1853 926 1926 Domini,
960 1855 1038 1941 quia
1067 1875 1134 1916 non
1171 1851 1297 1916 habent
1332 1850 1470 1938 aliquod

348 1967 485 2052 signum
505 1967 640 2032 visibile
661 1975 719 2032 aut
745 1968 886 2031 rituma
916 1968 1060 2031 Domino
1087 1967 1314 2031 institutum³.
1341 1993 1356 2024 a
1383 1964 1470 2028 Hine

348 2104 416 2144 non
448 2089 500 2146 est
527 2084 557 2145 ui
581 2083 782 2146 sacramenti
814 2081 923 2146 ullum
951 2081 1131 2146 discrimen
1160 2081 1249 2144 inter
1279 2079 1467 2167 episcopos,

348 2193 565 2282 presbyteros
585 2203 619 2258 ct
638 2195 810 2274 diaconos
832 2219 894 2259 nee
909 2195 971 2258 ulli
991 2217 1108 2260 eorum
1124 2195 1286 2257 diuinitus
1304 2192 1472 2278 recipiunt

348 2308 453 2373 ullam
482 2317 687 2396 potestatem
722 2333 816 2374 sacra
843 2309 1003 2388 laciendi;
1031 2309 1109 2372 hinc
1136 2308 1272 2372 ordines
1296 2329 1364 2370 non
1391 2313 1471 2370 sunt

348 2423 413 2486 nisi
449 2423 587 2510 quidam
621 2424 706 2488 ritus
739 2423 888 2512 religiosi
922 2425 1028 2511 (sicut
1061 2423 1151 2510 apud
1183 2446 1245 2486 nos
1279 2420 1470 2486 benedictio

348 2560 485 2621 regum,
513 2537 707 2618 abbatissae,
730 2540 824 2626 eto),
846 2561 984 2626 prorsus
1005 2538 1210 2612 inefficaces,
1233 2559 1319 2623 quos
1338 2535 1472 2598 ordina·

348 2652 396 2714 vit
417 2675 575 2738 suprema
595 2660 747 2738 potestas
767 2653 996 2717 ecclesiastica
1017 2651 1210 2739 anglicana,
1233 2673 1355 2736 nempe
1375 2657 1471 2736 pote-

348 2773 419 2828 stas
440 2766 530 2849 regia
543 2769 565 2832 ⁴.
589 2768 677 2832 llinc
705 2768 824 2850 etiam,
847 2769 882 2832 in
905 2767 1079 2832 ordinibus
1104 2763 1333 2843 conserendis}
1356 2764 1472 2827 formae

347 2879 414 2942 illie
441 2904 536 2967 vager
561 2889 594 2945 et
620 2883 813 2968 generale5‚
838 2907 912 2971 quie
939 2906 1005 2946 non
1033 2881 1249 2976 distinguunt
1274 2879 1410 2942 ordines
1429 2875 1472 2940 ab

349 2994 506 3060 invicem.
538 3035 582 3044 —
614 2998 716 3060 Anno
748 2997 886 3085 quidem
917 2997 1019 3076 1662,
1049 3005 1086 3060 ut
1124 3018 1226 3082 supra
1260 2994 1388 3058 dictum
1421 2997 1473 3056 est

349 3111 396 3191 (11.
411 3109 505 3194 279,
522 3112 570 3188 5⁰;
596 3110 690 3196 280,
712 3112 771 3200 6⁰),
794 3111 906 3175 addita
928 3121 1007 3176 sunt
1027 3111 1144 3174 formis
1163 3107 1420 3197 presbyteratus
1439 3112 1473 3169 et

349 3223 578 3312 episcopiam,
608 3225 679 3289 haec
706 3225 835 3290 verba:
867 3227 900 3289 in
922 3228 1074 3310 officium
1104 3234 1135 3286 et
1159 3247 1243 3310 opus
1262 3221 1469 3308 presbyteri,

349 3338 512 3423 episcopi;
532 3362 600 3403 non
625 3340 716 3427 quod
741 3346 896 3403 auctores
920 3339 1102 3404 additionis
1127 3338 1330 3425 agnoverint
1350 3336 1472 3400 intrin-

348 3473 464 3514 secum
485 3453 665 3517 discrimen
687 3453 849 3534 existere,
873 3455 903 3518 oi
919 3454 1138 3529 sacramenti,
1161 3453 1248 3517 inter
1275 3452 1471 3538 episcopum

349 3571 383 3627 et
402 3565 639 3653 presbyterum
661 3567 757 3649 (nam
779 3576 1027 3632 sacramentum
1050 3567 1140 3654 quod
1166 3589 1233 3630 non
1253 3565 1373 3630 existit
1396 3563 1472 3627 nul-

382 3728 388 3758 ¹
412 3728 466 3775 Tne
482 3728 554 3776 Book
568 3727 601 3790 of
612 3744 734 3778 common
750 3730 863 3793 Prayer.
881 3747 906 3792 p.
924 3735 981 3788 ¹281;
999 3731 1087 3777 versio
1102 3730 1197 3790 gallica
1212 3730 1268 3785 eit,
1286 3743 1311 3790 p.
1325 3733 1378 3774 179.

381 3807 496 3855 ²tlerue
515 3808 760 3872 anyto-romaine,
781 3813 801 3857 t.
820 3824 851 3864 ιι,
873 3823 899 3871 p.
916 3814 1043 3866 3³2·³³³3
1061 3835 1087 3844 -
1104 3808 1179 3864 hinc,
1196 3807 1268 3868 quod
1289 3819 1375 3867 prono
1395 3805 1473 3852 alveo

350 3885 521 3947 sequebatur,
536 3887 619 3947 jussit
635 3887 775 3934 Eduurdus
791 3887 818 3934 in
835 3891 893 3936 toto
909 3902 957 3935 suo
972 3901 1056 3949 regno
1071 3887 1156 3935 everti
1172 3885 1285 3942 altaria,
1302 3885 1395 3946 eisque
1411 3883 1473 3930 sub-

350 3964 425 4011 stitui
441 3963 592 4024 simplicem
609 3979 727 4013 mensam
741 3965 947 4014 communionis.
965 3966 1000 4014 Le
1016 3967 1115 4022 Quian,
1132 3979 1174 4027 op.
1188 3963 1243 4014 cit..
1260 3979 1283 4011 c.
1300 3979 1332 4020 n,
1349 3979 1375 4025 p.
1390 3967 1428 4010 56.

381 4044 391 4074 ³
413 4041 467 4089 l'lie
482 4041 556 4090 Book
570 4042 603 4102 os
613 4057 735 4092 common
748 4045 861 4106 Proper,
878 4061 904 4107 p.
919 4051 976 4103 651;
994 4045 1083 4092 versio
1098 4044 1202 4106 gallica,
1219 4059 1245 4104 p.
1262 4046 1315 4090 tis.

381 4123 391 4153 ⁴
409 4121 447 4169 Cl.
460 4121 651 4184 juramentum
666 4122 698 4171 dc
714 4121 790 4186 repis
804 4123 981 4186 supremitate
997 4123 1023 4170 in
1038 4123 1151 4185 singulis
1167 4120 1383 4169 ordinationibus
1398 4119 1474 4166 emit-

351 4200 475 4256 tendum3
496 4201 533 4247 De
554 4199 707 4248 hierarchia
727 4201 887 4264 suplicans,
903 4217 930 4263 p.
952 4207 1011 4258 2223
1034 4201 1068 4249 Le
1088 4201 1183 4257 Quien,
1204 4215 1244 4262 op.
1267 4198 1323 4248 cit..
1344 4213 1367 4246 c.
1387 4212 1473 4246 ιι-ιιι.

351 4293 377 4340 p.
393 4283 498 4325 „se-123.
