3290 5060
342 500 386 550 DE
405 499 701 551 nxrnsonnmaulo
720 500 959 552 ORDINAI'IONIS
978 503 1138 554 MINISTRO
1253 503 1299 555 131

176 641 359 708 abbatialia
377 641 536 730 implere,
559 649 593 707 et
611 643 753 730 proinde
772 643 876 708 etiam
895 644 1112 710 collationem
1132 647 1300 713 ordinum.

178 755 321 823 Constat
341 757 460 822 eadem
476 757 650 822 Benedicti
665 757 745 821 XIII
765 756 860 822 bulla
876 757 1080 825 Commissi:
1101 786 1117 820 «
1137 761 1304 826 Volumus

176 879 292 936 tamen
308 877 343 936 et
362 893 523 960 expresse
537 870 761 952 declaramus
777 872 868 959 quod
882 872 1020 959 ipsimet
1035 873 1176 940 abbates
1191 875 1301 956 electi,

177 987 334 1077 durante
347 991 497 1071 praefato
528 986 672 1050 termino
697 984 819 1074 (unius
843 985 944 1074 anni)
967 1011 1004 1051 ac
1029 989 1167 1054 interim
1192 991 1305 1054 omnia

179 1100 295 1165 munia
308 1099 496 1164 abbatialia
510 1099 613 1163 tibere
624 1122 662 1164 ae
675 1099 763 1164 licite
777 1123 929 1165 exercere
935 1103 1068 1185 possint
1080 1111 1113 1166 et
1124 1104 1267 1169 valeant.
1286 1132 1302 1166 »

221 1214 255 1279 2.
277 1213 315 1280 Si
335 1212 441 1278 abbas
466 1222 517 1278 ter
535 1214 677 1299 petierit
701 1214 869 1279 inutiliter
887 1216 1152 1281 benedictionem
1172 1219 1215 1283 ab
1234 1220 1305 1304 epi-

175 1351 287 1414 scope,
308 1333 435 1415 potest,
457 1327 560 1392 etiam
579 1350 648 1392 non
667 1326 877 1411 benedictus,
896 1330 1010 1394 omnia
1029 1330 1140 1396 officia
1158 1331 1303 1414 abbatis,

177 1448 211 1507 et
247 1442 390 1529 proinde
423 1441 640 1506 collationem
673 1443 847 1524 ordinum,
884 1466 1052 1509 exercere.
1088 1483 1133 1494 --
1163 1447 1307 1512 Constat

176 1579 252 1645 cap.
274 1555 478 1638 statuimus,
502 1558 533 1638 I,
557 1555 608 1618 Dn
627 1577 810 1623 surrnsroa
829 1577 1039 1624 rrcnonrrn
1057 1581 1276 1626 rnnnsronuu
1295 1579 1302 1625 :

177 1697 194 1730 «
218 1670 409 1736 Statuimus
427 1677 606 1758 praeterea,
628 1677 679 1752 ut,
702 1669 731 1735 si
751 1670 931 1758 episcopus
951 1673 1050 1737 tertio
1069 1697 1147 1738 cum
1168 1675 1306 1738 humiti-

178 1795 246 1852 tate
275 1811 313 1852 ac
342 1788 531 1871 devotione,
559 1787 647 1851 sicut
673 1788 837 1871 convenit,
869 1790 1069 1875 requisitus,
1102 1789 1306 1855 substitutos

176 1901 319 1967 abbates
339 1907 473 1965 vestros
484 1899 684 1966 benedicere
700 1900 785 1965 forte
801 1902 963 1984 renuerit,
980 1902 1107 1967 eisdem
1127 1903 1307 1970 abbatibus

176 2016 280 2080 Iic'eat
299 2015 460 2101 proprios
484 2014 666 2079 monachos
690 2015 900 2099 benedicere,
921 2023 953 2079 et
973 2017 1039 2080 alia
1059 2039 1134 2103 quae
1158 2019 1203 2082 ad
1227 2020 1307 2103 offi-

176 2131 268 2194 cium
297 2129 498 2214 hujusmodi
518 2129 709 2214 pertinent,
736 2151 904 2212 enercers,
932 2129 1039 2195 donec
1065 2131 1131 2218 ipsi
1158 2131 1308 2219 episcopi

177 2267 275 2309 suam
294 2243 454 2307 duritiem
473 2242 674 2331 recogitent,
692 2235 726 2306 et
745 2240 885 2307 abbates
904 2241 1103 2308 benedicere
1122 2268 1191 2309 non
1211 2269 1308 2309 recu-

177 2365 266 2423 sent.
288 2385 305 2418 »
330 2357 404 2422 Hoc
429 2363 543 2422 autem
567 2363 670 2444 caput
696 2356 909 2420 confirmavit
933 2357 1139 2422 Benedictus
1164 2358 1245 2424 XIII
1273 2360 1307 2424 in

175 2471 317 2560 praeiata
336 2471 431 2536 bulla
451 2471 641 2536 Commissi.

224 2587 256 2652 3.
273 2586 318 2650 Vi
337 2587 490 2671 specialis
503 2586 693 2671 privitepii,
716 2591 831 2672 potest
854 2585 957 2650 etiam
981 2584 1086 2650 abbas
1110 2608 1180 2650 non
1203 2585 1309 2651 bene-

177 2701 290 2765 dictus
324 2699 475 2765 conferre
509 2691 663 2780 ordine's;
695 2722 773 2764 cum
809 2699 899 2764 enim
931 2697 1124 2764 benedictio
1159 2723 1228 2764 non
1265 2701 1309 2766 sit

176 2813 407 2880 essentialiter
425 2815 616 2879 necessaria
634 2820 674 2879 ut
692 2799 798 2878 abhas'
817 2812 967 2877 conferat
987 2811 1135 2893 ordines,
1157 2819 1196 2878 ut
1215 2819 1309 2900 patet

177 2952 220 2994 ex
240 2926 374 2992 duobus
388 2927 512 3010 relatis
537 2926 689 3008 casibus,
711 2933 825 3014 potest
844 2927 886 2990 R.
911 2926 1067 2990 Pontifex
1091 2926 1308 3013 privilegium

175 3041 375 3130 hujusmodi
395 3041 591 3106 concedere.
610 3041 660 3106 De
680 3041 780 3122 facto,
802 3039 959 3129 pluribus
979 3039 1154 3105 ordinibus
1173 3041 1310 3129 regula-

176 3155 272 3221 ribus
306 3177 504 3220 concessere
538 3155 684 3220 Romani
716 3155 912 3242 pontificeS,
950 3162 988 3217 ut
1019 3177 1137 3218 eorum
1170 3155 1309 3220 abbates

174 3271 281 3336 semet
300 3271 395 3334 electi
416 3269 625 3334 haberentur
646 3276 683 3333 ut
703 3269 906 3348 benedicti¹3
929 3291 1004 3355 quae
1024 3267 1203 3354 privilegia
1225 3295 1241 3330 ιι
1259 3269 1309 3332 in-

176 3407 343 3450 concusse
372 3383 546 3449 observari
569 3411 603 3464 n,
634 3383 787 3470 praecipit
814 3381 1017 3446 Benedictus
1042 3379 1123 3446 XIII
1154 3383 1190 3446 in
1218 3382 1308 3448 dicta

175 3497 284 3564 bulla.

224 3729 292 3797 52.
307 3765 353 3777 -
374 3725 531 3796 subditi
549 3725 670 3814 hujus
689 3725 910 3813 potestatis.
926 3762 969 3772 -
984 3721 1104 3788 Abtas
1119 3747 1186 3788 non
1195 3731 1307 3809 potest

176 3844 338 3908 ordinare
365 3841 430 3906 nisi
452 3863 530 3906 suos
553 3841 708 3912 subditos
733 3839 918 3924 reputares.
940 3877 984 3886 —
1008 3837 1100 3902 Ante
1124 3837 1306 3902 concilium

176 3956 285 4039 Trid,
313 3961 449 4043 poterat
475 3953 580 4020 abbas
606 3953 761 4018 ordinare
789 3951 892 4017 etiam
919 3973 998 4016 suos
1025 3949 1181 4016 subditos
1205 3973 1306 4016 saecu-

208 4160 218 4194 ¹
236 4159 317 4208 Plura
332 4157 458 4220 exempla
473 4159 596 4205 recenset
611 4156 705 4215 Petra,
722 4153 844 4212 tescit,
860 4169 887 4202 n.
903 4157 983 4214 11-15,
1000 4169 1027 4217 p.
1039 4157 1161 4212 162-163;
1178 4152 1212 4200 et.
1224 4153 1306 4200 ctiam
1401 4181 1404 4187 ,

176 4237 356 4289 Benedictum
370 4235 444 4295 XIV,
460 4236 487 4284 in
500 4233 733 4284 Adnotationibus
747 4247 814 4297 quas
829 4233 939 4296 scripsit
951 4236 981 4281 ut
996 4231 1158 4282 secretarius
1169 4229 1195 4280 S.
1208 4230 1305 4292 Congr.

175 4317 268 4378 eone..
284 4331 329 4367 an.
346 4317 423 4375 17245
440 4314 467 4362 in
487 4313 624 4363 Thesauro
638 4313 664 4361 S.
682 4313 710 4362 C.
725 4313 765 4370 C„
782 4313 801 4360 t.
818 4326 858 4372 nr,
875 4326 901 4374 p.
918 4315 1012 4359 23·26.
