3290 5060
238 523 283 574 DE
303 522 487 575 ORDINARIO
506 523 548 573 ΕΤ
567 523 726 574 LEGITIMO
745 522 984 576 ORDINATIONIS
1003 524 1164 575 MINISTRO
1232 520 1267 574 8³

137 667 261 749 tionis,
287 689 356 731 non
379 673 497 732 tamen
519 673 634 754 potest
658 667 807 752 lepitime
831 690 892 732 seu
916 667 1005 732 licite
1028 667 1164 734 ordines
1189 651 1268 732 con-

138 780 227 846 ferre
246 779 402 862 cuilibet,
425 779 487 846 sed
504 787 640 848 tentum
661 781 808 846 sudditis
830 783 917 866 suis,
940 781 1028 848 sicut
1045 805 1106 870 pro
1125 780 1268 870 quibus-

139 894 225 960 libet
242 893 319 959 aliis
338 894 579 976 sacramentis3
593 895 684 960 unde
699 895 910 977 conc.Trid.,
926 919 1000 983 cap.
1017 896 1265 978 Ordinationes,

140 1008 173 1092 8,
203 1029 289 1074 sess.
312 1007 444 1090 XXIII,
474 1009 526 1073 Dn
553 1029 639 1089 nur,
669 1008 824 1096 praeoipit
850 1017 915 1076 ut:
946 1009 1223 1098 «Unusquisque
1248 1033 1269 1074 a

134 1123 280 1210 proprio
299 1123 452 1208 episcopo
472 1121 693 1189 ordinetur.»
711 1121 865 1201 Quatuor
883 1129 997 1192 autem
1016 1123 1127 1218 modis
1146 1123 1269 1212 aliquis

139 1237 214 1302 fieri
238 1243 355 1324 potest
379 1235 537 1302 subditus
564 1237 730 1325 episcopi,
758 1225 803 1302 ad
828 1237 892 1302 hoc
923 1244 962 1303 ut
988 1237 1030 1303 ab
1057 1261 1096 1303 eo
1119 1239 1270 1325 recipere

140 1351 233 1416 licite
252 1351 363 1438 possit
381 1350 531 1434 ordineS,
553 1374 676 1438 nempe
694 1351 825 1416 ratione
845 1352 1000 1438 originis,
1017 1353 1074 1418 vel
1091 1353 1267 1436 domicilii,

140 1465 196 1530 vel
220 1466 391 1550 beneficii,
412 1463 469 1530 vel
491 1466 742 1550 familiaritatis
751 1485 767 1550 ,·
786 1465 893 1548 unde,
916 1465 1008 1554 quod
1030 1465 1271 1532 correlativum

140 1587 206 1660 est,
229 1579 423 1666 episcopus,
440 1577 581 1644 relative
601 1580 644 1644 ad
663 1579 814 1668 aliquem
832 1578 1008 1646 subditum
1027 1579 1267 1662 ordinandum,

141 1692 267 1756 dieitur
295 1692 468 1778 lepitimue
494 1715 555 1758 seu
575 1695 758 1780 proprius,
786 1695 918 1760 ratione
943 1692 1001 1758 vel
1028 1694 1186 1778 oriqinis,
1215 1693 1272 1758 vel

140 1806 322 1889 domicilii,
348 1807 405 1871 vel
427 1806 597 1892 beneficii,
618 1808 675 1872 vel
697 1809 958 1893 familiaritatis.
980 1847 1024 1856 -
1043 1806 1136 1872 Addi
1158 1814 1272 1895 potest

140 1918 294 2008 aliquem
324 1919 398 1984 fieri
427 1943 529 2008 posse
560 1919 736 1986 subditum
768 1922 912 2011 alicujus
942 1921 1108 2009 episcopi,
1141 1921 1272 1987 ratione

143 2034 432 2119 incorporationis
438 2053 454 2117 ,¹
477 2057 598 2100 verum
633 2057 711 2101 cum
745 2037 974 2122 incorporatio
1004 2043 1175 2125 supponat
1200 2035 1274 2124 epi-

141 2170 286 2236 scopum
300 2149 503 2232 proprium,
519 2149 581 2236 qui
599 2171 821 2235 excorporare
841 2150 965 2233 valeat,
983 2149 1108 2216 clarius
1128 2155 1163 2215 et
1182 2173 1274 2216 com-

140 2261 279 2326 modius
298 2268 420 2348 agetur
433 2261 475 2326 de
495 2262 765 2348 incorporatione
785 2263 820 2328 in
840 2263 950 2351 capite
971 2284 1016 2329 1v.

270 2569 290 2642 5
311 2569 344 2626 1.
366 2571 419 2627 De
439 2570 614 2642 episeopo
634 2570 787 2643 proprio
806 2571 954 2630 ratione
973 2570 1146 2644 oriqints.

186 2815 257 2884 28.
277 2852 323 2862 —
342 2815 615 2902 competentia
632 2816 809 2902 episcopi
828 2816 996 2903 originis
1014 2815 1146 2904 quoad
1165 2816 1273 2885 ordi-

142 2929 361 2997 uodonem.
381 2967 426 2977 -
449 2928 639 3017 Episcopus
663 2930 822 3015 oriqinir,
849 2930 884 2994 in
908 2951 1048 3016 genere,
1075 2930 1133 2994 ille
1159 2937 1212 2995 est
1237 2929 1272 2994 in

143 3041 241 3128 cujus
266 3041 404 3107 dioecesi
429 3050 532 3108 natus
558 3049 611 3108 est
637 3043 858 3110 ordinandus.
885 3043 1008 3126 Porro,
1034 3043 1116 3108 licet
1141 3043 1176 3108 in
1202 3045 1273 3131 ple-

142 3154 259 3244 risque
279 3153 488 3236 aliisrebus,
506 3180 540 3222 v.
558 3180 606 3244 g.,
625 3156 738 3246 quoad
752 3157 897 3244 judicia,
915 3156 1028 3245 quoad
1042 3157 1269 3238 matrimonia,

142 3269 325 3357 episcopus
344 3269 487 3355 oriqinie
505 3293 575 3336 non
590 3270 635 3334 sit
649 3277 864 3359 competens,
882 3271 911 3335 si
925 3269 1085 3336 subditus
1099 3271 1273 3358 reliquerit

141 3381 320 3448 dioecesim
343 3383 501 3469 originis,
528 3389 697 3466 attamen,
719 3385 830 3473 quoad
854 3383 1072 3451 collationem
1095 3384 1270 3466 ordinum,

142 3495 325 3584 episcopus
354 3498 497 3582 orIpipia
526 3504 578 3562 est
606 3505 814 3586 competens.
844 3538 889 3548 -
914 3497 1059 3564 Constat
1084 3498 1271 3564 clarissime

143 3611 294 3676 tectibus
306 3611 427 3698 jurie,·
445 3630 542 3678 nam:
561 3615 591 3676 l.
610 3610 771 3679 Clemens
785 3612 845 3695 IV,
860 3636 933 3701 cap.
947 3611 1040 3698 Saepe
1054 3610 1268 3698 continpit,l,

143 3721 195 3790 De
220 3742 420 3807 rnnromssns
447 3744 705 3807 oenmn'nonnn,
733 3726 769 3789 in
793 3725 857 3808 VI,
885 3725 955 3792 ait:
982 3752 998 3787 «
1018 3723 1207 3790 Statuimus
1232 3731 1271 3788 ut

141 3835 261 3910 nullus
283 3837 522 3926 episcoporum
540 3837 648 3904 Italiae
673 3840 714 3904 de
737 3846 849 3906 cetero
873 3839 1021 3930 aliquem
1044 3837 1271 3904 ultramonta-

140 3971 223 4016 num
247 3951 411 4016 clericum
433 3951 590 4018 ordinare
613 3959 813 4041 praesumat,
834 3953 903 4018 nisi
921 3977 941 4019 a
960 3951 1067 4020 Nobis
1087 3952 1270 4039 specialem

140 4063 315 4131 licentiam
334 4062 475 4148 habeat,
497 4067 553 4132 vel
572 4065 615 4132 ab
639 4067 798 4157 episcopo
822 4068 862 4132 de
886 4069 986 4154 cujus
1010 4067 1140 4132 dioecesi
1164 4066 1270 4130 tramit

142 4179 309 4266 oriqinem
343 4180 573 4265 ordinandus,
606 4181 662 4247 vel
690 4181 725 4246 in
755 4182 853 4270 cujus
882 4181 1020 4247 dioecesi
1049 4178 1270 4246 beneficiatus

142 4293 304 4361 existit.»
336 4292 374 4360 Si
398 4293 593 4382 episcopuS,
620 4296 661 4360 de
686 4297 788 4387 cujus
814 4297 943 4362 dioeccei
970 4295 1077 4362 traxit
1104 4293 1271 4380 oripinem
