3270 5050
365 495 484 546 SUMMA
501 495 677 546 DOCTRlNAE
695 494 889 566 cersonae
908 495 953 543 DE
970 495 1148 545 ORDlNlBUS
1286 493 1321 544 43

194 661 269 703 esse
295 637 394 726 quasi
422 645 536 726 partes
559 638 779 744 diaconatus,
808 660 893 726 quas
921 660 941 702 a
968 637 1149 702 diaconatu
1177 637 1322 702 decursu

195 759 389 838 temporum
407 752 578 840 separavit
602 752 770 834 Ecclesia,
792 759 827 817 et
849 752 991 839 proinde
1012 752 1189 818 institutos
1208 774 1283 816 esse
1302 774 1321 815 a

196 864 349 948 Christo,
372 866 508 954 qnando
531 873 660 948 totum,
687 866 785 953 cujus
809 873 889 930 sunt
911 873 1042 954 parteS,
1064 888 1186 953 nempe
1210 866 1322 930 diaco-

196 987 314 1062 natus,
339 979 405 1045 fuit
427 981 623 1045 institutum
645 980 688 1044 ab
712 981 797 1069 ipso.
818 1020 865 1029 —
886 981 975 1045 Nam
993 1000 1001 1046 :
1029 983 1060 1047 l.
1087 981 1165 1046 Non
1189 1002 1322 1067 semper

194 1117 316 1159 verum
331 1101 383 1160 est
395 1095 485 1182 parti
504 1103 711 1183 competere,
729 1095 821 1183 quod
840 1095 1001 1160 convenit
1014 1095 1095 1176 toti;
1112 1133 1156 1143 -
1171 1095 1203 1160 2.
1222 1093 1323 1158 Mini-

195 1210 270 1290 stri,
287 1231 372 1296 quos
386 1209 535 1274 instituit
546 1209 714 1290 Christus,
729 1209 753 1272 ii
763 1209 912 1296 suntqui
925 1209 1095 1274 habentin
1111 1232 1241 1274 sacram
1257 1209 1323 1272 Eu-

195 1323 392 1388 charistiam
405 1329 611 1410 potestatem
626 1324 831 1411 proximam,
850 1322 1012 1389 directam
1028 1330 1062 1388 et
1076 1323 1320 1404 immediatam,

195 1442 231 1502 vi
246 1439 344 1525 cujus
358 1438 493 1525 possint
508 1438 582 1525 ejus
597 1437 843 1502 consecrationi
857 1443 891 1502 et
906 1437 1137 1503 distributioni
1151 1437 1323 1526 cooperari

195 1552 362 1639 proxime.
384 1553 518 1616 Revera
537 1551 694 1618 Christus
711 1575 782 1616 non
805 1558 940 1617 tantum
960 1551 1171 1618 consecravit
1190 1552 1323 1616 Eucha-

195 1665 346 1746 ristiam,
362 1665 422 1730 scd
441 1666 544 1730 ctiam
559 1667 756 1750 distribui&
768 1672 817 1747 et,
834 1656 913 1752 post
928 1665 1015 1746 haec,
1033 1665 1119 1730 dixit
1138 1665 1321 1753 apostolis:

197 1779 273 1842 Hoc
295 1780 414 1864 facite,
440 1779 504 1844 hoc
528 1779 659 1844 scilieet
682 1786 793 1844 totum
814 1780 905 1867 quod
928 1779 1009 1858 feci,
1031 1802 1153 1866 nempe
1173 1802 1235 1843 vos
1259 1779 1324 1866 ipsi

197 1898 394 1957 consecrate
420 1899 454 1956 et
478 1893 673 1957 distribuite
699 1915 832 1958 sacram
858 1892 1122 1975 Eucharistiam,
1148 1915 1256 1980 usque
1283 1891 1325 1956 ad

198 2007 528 2072 consummationem
552 2007 679 2071 saeouli.
705 2006 803 2073 Unde
830 1997 1018 2072 certissime
1044 2005 1201 2072 Christus
1226 2007 1325 2070 insti-

198 2121 264 2194 tuit
292 2121 520 2185 ministerium
545 2121 796 2186 distributionis
820 2121 1055 2204 Eucharistiae,
1084 2123 1132 2186 ita
1157 2129 1196 2186 ut
1222 2121 1325 2186 etiem

198 2235 382 2323 separatim
408 2234 554 2300 conferri
580 2235 688 2324 possit
717 2235 896 2300 ministris,
929 2235 1081 2300 Ecclesia
1108 2241 1221 2300 autem
1247 2233 1326 2298 huic

198 2349 363 2414 divinitus
385 2348 543 2414 instituto
572 2348 760 2413 ministerio
789 2348 954 2413 annexuit
977 2349 1043 2414 alia
1070 2349 1202 2414 minora
1225 2347 1325 2412 mini-

199 2463 315 2544 steria,
333 2485 408 2550 quae
426 2469 558 2551 postea,
573 2463 718 2528 decursu
736 2470 941 2550 temporum,
959 2462 1133 2528 distribuit
1148 2461 1224 2527 aliis
1243 2461 1295 2526 inf
1312 2501 1326 2511 -

199 2575 345 2641 rioribus
363 2577 541 2642 ministris.
560 2577 649 2664 Ergo
668 2577 739 2641 haec
759 2576 917 2656 inferiora
936 2576 1140 2658 ministeria,
1162 2600 1222 2641 seu
1241 2575 1327 2640 inle-

199 2692 306 2755 riores
336 2690 489 2771 ordines,
523 2697 603 2754 sunt
633 2690 772 2778 quidem
800 2696 914 2777 partes
943 2689 1159 2772 diaconatus,
1191 2689 1326 2776 qualem

200 2803 388 2891 complevit
410 2803 579 2886 Ecclesia,
601 2827 670 2868 non
694 2803 830 2893 qualem
854 2804 1003 2868 instituit
1027 2803 1199 2884 Christus;
1227 2827 1324 2890 ergo,

200 2942 243 2983 cx
266 2919 331 2982 hoc
355 2918 447 3006 quod
470 2917 540 2983 sint
562 2925 678 3006 partes
702 2918 916 2999 diaconatuS,
938 2917 1155 2982 nullomodo
1176 2919 1328 3006 sequitur

201 3057 239 3098 ea
262 3055 339 3097 esse
363 3055 382 3096 a
407 3031 543 3098 Christo
567 3033 736 3098 instituta.
763 3032 927 3120 Alioquin
947 3032 1050 3098 etiam
1069 3033 1210 3097 minima
1229 3032 1328 3096 mini-

201 3147 304 3212 steria
318 3152 353 3210 et
366 3147 506 3212 servitia
524 3146 685 3212 Ecclesiae
699 3146 809 3211 dicere
828 3146 940 3234 possis
959 3155 1186 3229 sacramenta,
1203 3147 1328 3236 quippe

201 3284 277 3349 quae
303 3261 372 3326 sint
397 3268 512 3350 parles
539 3261 753 3344 diaconatus,
783 3267 817 3326 et
847 3261 896 3326 sic
923 3261 1074 3326 Ecclesia
1101 3261 1328 3349 multiplicare

201 3381 318 3462 posset
336 3376 371 3468 in
391 3376 562 3441 inlinitum
586 3381 837 3441 sacramentum
856 3374 1008 3441 ordinis:
1030 3377 1122 3463 quod
1140 3391 1328 3463 repugnare

201 3489 347 3554 videtur.

247 3613 284 3678 30
306 3612 498 3678 Solvuntur
520 3613 743 3698 difficultates
762 3621 880 3678 contra
905 3613 1041 3677 tertiam
1061 3614 1263 3699 opinionem.
1285 3651 1329 3660 —

205 3729 235 3790 l.
255 3725 314 3791 Ad
333 3726 458 3792 relatos
481 3749 629 3792 canones
649 3728 668 3794 3
689 3733 724 3792 et
742 3727 761 3791 l
786 3741 883 3792 cond
904 3725 996 3793 Trid.
1019 3727 1255 3816 respondetur,
1275 3727 1329 3792 nis

203 3840 290 3906 bene
308 3840 482 3922 satisfieri,
504 3841 533 3906 si
557 3841 680 3906 saltem
702 3841 865 3906 admittes
883 3863 991 3906 unum
1015 3842 1184 3919 ordinem,
1204 3864 1329 3928 nempe

204 4071 328 4127 ventura,
344 4069 371 4116 n
385 4068 468 4126 seni,
483 4053 532 4116 'nn
549 4067 596 4128 ιν,
613 4069 676 4118 orsi.
693 4068 791 4126 xxm,
806 4071 876 4130 pan.
892 4067 927 4127 11,
941 4071 992 4117 an.
1004 4075 1027 4128 2,
1043 4085 1069 4132 q.
1084 4085 1101 4127 1,
1112 4069 1244 4126 Venetus,
1260 4074 1329 4128 ner,

205 4151 224 4195 t.
236 4162 272 4206 ιν,
285 4163 312 4210 p.
325 4152 384 4207 66ος
398 4174 429 4184 -
441 4147 611 4206 Thomassin,
626 4146 776 4210 Discipline
789 4146 822 4194 de
838 4133 958 4210 l'Eplise,
974 4151 1044 4210 pert.
1058 4148 1078 4206 I,
1094 4147 1140 4197 liv.
1155 4147 1189 4207 11,
1202 4163 1226 4197 c.
1240 4163 1329 4207 xxxin,

206 4241 231 4274 n.
250 4229 273 4284 5,
294 4225 336 4274 ed.
353 4229 428 4286 1864,
448 4228 468 4275 t.
482 4241 505 4284 ι,
526 4241 553 4288 p.
573 4230 632 4285 5203
653 4253 682 4262 -
702 4226 730 4274 in
749 4239 831 4287 quem
850 4226 1014 4274 sententiam
1034 4227 1204 4288 propendere
1223 4228 1332 4276 videtur

208 4303 318 4362 Hurter,
334 4303 495 4369 Theolopia,
512 4304 545 4353 de
559 4303 670 4362 ordine,
686 4320 713 4353 n.
730 4309 784 4362 709,
800 4303 967 4367 OEnipoute,
983 4309 1053 4364 1883,
1070 4306 1090 4352 t.
1105 4319 1146 4364 m,
1162 4321 1189 4368 p.
1202 4309 1258 4354 tu.
