3290 5060
379 500 496 552 suunt
514 500 690 551 DOCTRINAE
708 501 900 552 CATHOLICAE
919 501 963 552 DE
981 501 1161 552 onulrnnus
1301 497 1335 551 79

207 645 245 712 ·S.
278 645 426 710 Thomas
467 645 617 734 antiquae
653 644 841 710 Traditioni
881 644 1089 710 conformem
1131 645 1335 711 sententiam

210 761 341 842 docuit,
363 781 505 848 eamque
522 765 563 824 ut
582 782 696 825 veram
715 759 959 849 propugnavit,
980 781 1101 847 nempe
1121 783 1240 825 omnes
1258 759 1335 824 illas

211 874 442 940 ordinationes
464 897 485 938 a
504 873 713 962 quibuslibet
736 873 902 939 ministris
925 879 1079 961 receptas
1102 873 1231 939 validas
1249 897 1333 958 esse,

212 996 246 1054 et
264 987 406 1077 proinde
425 1010 495 1052 non
518 987 620 1054 licere
644 987 721 1053 illas
740 987 894 1052 iterare¹.
918 987 961 1052 Et
979 987 1027 1052 ita
1046 987 1149 1052 etiam
1168 987 1203 1052 S.
1227 988 1336 1052 Bona-

209 1103 383 1168 ventura¹.
406 1101 544 1168 Ab'hoc
562 1107 678 1167 autem
697 1107 865 1190 tempore,
887 1101 958 1166 haeo
978 1101 1162 1183 sententia,
1184 1107 1336 1166 etvetus

210 1216 360 1298 traditio,
381 1215 506 1304 ubique
525 1215 715 1304 praevaluit.

255 1333 290 1398 5⁰
313 1331 395 1396 Haec
419 1331 586 1412 Traditio,
613 1336 781 1418 quatenus
807 1329 906 1394 docet
932 1336 1142 1395 sacramenta
1167 1331 1337 1394 continere

209 1446 377 1530 qratiam,
408 1467 511 1532 quam
542 1443 751 1531 significant,
782 1465 858 1508 eam
884 1442 1036 1508 conferre
1062 1444 1094 1506 vi
1118 1443 1223 1508 sotius
1245 1444 1337 1528 *signi

208 1560 465 1624 sacramentalia
487 1557 631 1648 (nempe
654 1581 696 1621 ca
719 1579 817 1643 opere
840 1557 1013 1646 operato),
1039 1563 1073 1621 et
1097 1557 1236 1644 proinde
1255 1579 1336 1642 pro-

206 1675 287 1760 pria
306 1675 351 1758 oi,
367 1674 567 1760 efficacitate
586 1682 617 1737 et
631 1673 807 1738 sanctitate
827 1681 990 1755 constare,
1008 1670 1152 1759 ideoque
1172 1694 1239 1736 non
1253 1693 1337 1756 pen-

210 1789 289 1852 dere
308 1812 328 1853 a
348 1788 520 1874 probitate
544 1787 709 1870 ministri,
736 1786 859 1874 dogma
882 1786 962 1850 fidei
985 1784 1094 1850 evasit
1116 1784 1151 1848 vi
1170 1784 1337 1849 definitio-

210 1925 294 1967 num
321 1925 416 1968 cono.
442 1901 549 1983 Trid,
578 1899 762 1966 canonibus
790 1901 828 1983 6,
859 1902 879 1966 Ἰ
908 1906 943 1965 et
972 1899 1030 1981 12,
1061 1921 1145 1964 sess.
1174 1897 1253 1980 Vll,
1285 1897 1336 1962 De

211 2037 438 2083 sesmaria.
472 2055 518 2066 -
550 2015 632 2080 Haec
665 2015 790 2103 pariter
823 2014 989 2097 Traditio,
1017 2020 1185 2102 quatenus
1219 2012 1333 2094 docet,

210 2133 421 2218 baptismum
445 2132 547 2196 etiam
570 2131 615 2195 ab
640 2121 803 2195 haereticis
822 2129 1001 2214 collatum,
1022 2129 1174 2194 validum
1193 2151 1275 2212 esse,
1302 2135 1337 2192 et

210 2247 352 2335 proinde
371 2247 447 2332 ejus
466 2246 535 2310 vim
554 2266 622 2310 non
637 2245 785 2330 pendere
802 2268 823 2308 a
841 2245 908 2330 fide
929 2244 1093 2328 ministri,
1115 2243 1238 2330 dogma
1258 2242 1336 2307 fidei

211 2367 264 2426 est
290 2359 333 2426 ab
359 2359 500 2448 antiquo
525 2365 696 2446 tempore,
724 2364 758 2422 et
781 2358 885 2424 etiam
911 2358 945 2422 vi
969 2357 1175 2422 definitionis
1201 2357 1336 2422 concilii

211 2476 318 2559 Trid.,
341 2497 416 2541 can.
437 2475 476 2558 d,
498 2496 583 2539 sess,
601 2471 681 2556 VII,
709 2472 760 2536 Du
783 2493 949 2538 samlsuo.
968 2513 1015 2522 —
1034 2473 1133 2553 Quod
1152 2473 1275 2538 attinet
1293 2471 1336 2536 ad

211 2590 477 2670 ordinationem,
498 2588 595 2654 nulla
620 2587 778 2676 specialis
801 2586 991 2652 concilieris
1014 2587 1166 2654 definitio
1189 2589 1333 2676 prodiit;

211 2727 291 2770 cum
317 2711 433 2769 tamen
459 2701 592 2766 dende
617 2700 662 2766 sit
690 2700 938 2766 ordinationem
962 2723 1036 2767 esse
1066 2713 1334 2786 sacramentum,

211 2841 251 2884 eo
271 2818 346 2906 ipso
366 2815 591 2882 certissimum
611 2821 680 2896 est,
697 2820 731 2879 et
750 2815 872 2879 saltem
890 2814 969 2880 fidei
986 2817 1196 2904 proximum,
1214 2843 1256 2885 ex
1275 2822 1331 2888 cit.

212 2930 400 2998 canonibus
414 2930 447 3013 6,
466 2931 485 2996 7
505 2935 540 2994 et
560 2927 614 3011 12,
629 2927 878 2993 ordinationem
897 2929 1066 2994 continere
1084 2934 1245 3018 qratiam,
1262 2959 1337 3001 eam

208 3047 398 3132 producere
426 3067 468 3110 ea
495 3066 593 3130 opere
615 3051 769 3129 operato,
796 3044 937 3130 ejusque
963 3043 1031 3108 vim
1057 3068 1124 3110 non
1145 3049 1293 3132 pendere
1316 3075 1336 3116 a

212 3161 386 3246 probitate
406 3159 578 3241 ministri·‚·
596 3157 746 3244 insuper,
764 3180 806 3220 cx
830 3157 948 3222 eadem
967 3158 1106 3246 praefata
1121 3161 1333 3240 Traditione,

212 3297 288 3364 quae
307 3273 351 3340 ab
370 3271 616 3361 antiquissimis
630 3271 840 3360 temporibus
859 3277 1055 3338 constanter
1068 3273 1235 3364 (demptis
1253 3301 1337 3367 pau-

212 3389 359 3455 cissimis
383 3385 662 3476 exceptionibus)
679 3384 852 3474 prohibuit
874 3385 1088 3452 iterationem
1108 3392 1336 3477 quarumlibet

211 3502 481 3584 ordinationum,
503 3507 632 3566 certum
652 3507 705 3565 est
722 3499 793 3564 rim
817 3499 1039 3566 ordinationis
1063 3525 1131 3566 non
1150 3504 1336 3591 penderes

212 3617 278 3682 tide
301 3639 367 3682 nec
393 3639 413 3681 a
439 3614 591 3701 legitima
615 3613 778 3679 missione
806 3613 970 3696 ministra
1003 3615 1110 3698 unde,
1139 3639 1158 3682 a
1184 3625 1335 3708 tempore

211 3731 347 3796 concilii
370 3728 575 3814 Tridentini,
600 3751 719 3794 omnes
742 3735 912 3810 auctores,
939 3727 968 3793 si
992 3729 1141 3818 excipias
1165 3731 1336 3799 Morinum

211 3851 246 3910 et
272 3843 453 3925 Sbaralea,
477 3841 685 3908 concordant
711 3847 902 3907 asserentes
925 3841 1156 3910 ordinationes
1183 3854 1336 3934 receptas

211 3958 253 4024 ab
278 3958 439 4048 episeopo
459 3955 569 4022 etiam
593 3954 767 4039 haeretico,
796 3955 1204 4041 schismatico,·int1uso,
1233 3959 1336 4025 simo-

211 4074 320 4155 niaco,
342 4069 540 4158 degradato,
563 4076 642 4152 eta,
664 4092 739 4135 esse
758 4069 907 4154 validas,
927 4077 961 4135 et
983 4071 1124 4158 proinde
1146 4071 1242 4137 nefas
1261 4097 1335 4140 esse

241 4237 249 4271 ¹
267 4235 393 4292 Summa,
408 4235 480 4297 part.
497 4229 651 4295 111Supp1.,
667 4245 694 4294 q.
709 4245 822 4290 xxxma,
839 4233 889 4280 art.
905 4237 928 4280 2.

239 4313 302 4365 'In
317 4311 404 4371 Sent,
417 4311 465 4361 lib.
479 4309 527 4372 IV,
542 4310 607 4360 dist.
621 4309 706 4370 XXV,
721 4315 770 4360 art.
787 4313 809 4370 1,
825 4323 851 4373 q.
868 4325 899 4370 n,
917 4309 1047 4372 Venetiis,
1064 4315 1133 4373 1754,
1149 4314 1168 4361 t.
1184 4328 1220 4371 iv,
1236 4328 1263 4376 p.
1279 4319 1334 4362 077.
