3290 5060
374 470 419 520 DE
438 469 735 520 Exraaouululnro
755 469 992 522 oaumarroals
1011 473 1172 524 nlalsruo
1288 471 1337 524 143

208 637 318 700 sonasv
332 614 389 702 jus
415 605 550 678 nullum
577 613 697 695 habet;
724 621 903 680 remanent
929 616 1019 680 enim
1045 640 1184 705 prorsus
1211 617 1337 683 subditi

207 729 280 793 suis
299 728 531 834 superioribus
550 729 764 816 regularibus
785 694 844 817 (be
865 753 932 818 quo
952 730 995 795 cf.
1018 730 1052 796 S.
1073 730 1198 819 Congr.
1222 733 1334 820 Episc.

206 850 242 908 et
260 843 362 930 Reg.,
379 843 415 908 in
434 844 639 928 Messenen,
655 844 697 909 20
718 851 806 932 sept.
825 844 910 911 1697
922 844 962 933 ¹).
982 845 1080 910 Unde
1101 847 1239 910 omnino
1254 847 1338 912 assi·

206 955 348 1023 milandi
369 965 466 1039 sunt,
489 957 553 1024 sub
572 958 637 1023 hoc
656 965 829 1047 respectu,
853 958 1033 1024 abbatibus
1054 960 1284 1026 saecularibus¹

457 1247 477 1320 ἓ
496 1247 529 1306 3.
551 1247 605 1305 De
624 1248 663 1306 S.
683 1249 724 1306 R.
746 1250 786 1306 E.
814 1249 1090 1307 cardinalibus.

251 1467 319 1536 58.
341 1505 385 1516 —
403 1469 461 1535 De
481 1465 753 1536 cardinalibus
772 1469 816 1535 in
836 1469 921 1537 suis
940 1469 1082 1538 titulis.
1103 1507 1148 1518 —
1169 1471 1335 1536 Cardine-

207 1581 264 1662 les,
284 1581 382 1645 modo
401 1582 470 1646 sint
484 1582 693 1667 presbyteri,
707 1590 864 1666 possunt,
884 1583 919 1647 in
940 1583 968 1646 T
968 1585 1063 1647 itulis
1081 1585 1163 1666 suis,
1181 1589 1336 1670 conferre

206 1703 384 1760 tonsuram
407 1705 440 1759 et
465 1697 612 1760 minores
635 1697 771 1760 ordines
796 1697 837 1760 iis
861 1699 923 1784 qui
946 1706 1027 1762 aunt
1050 1699 1177 1762 addicti
1200 1700 1335 1764 servitio

204 1809 346 1874 ccclesiae
382 1809 489 1874 Tituli
512 1810 577 1875 sui.
599 1848 643 1858 —
667 1809 794 1874 Allerri
825 1811 914 1876 solet
944 1811 977 1874 in
1011 1812 1336 1878 demonstrationem

205 1925 307 2016 hujus
331 1927 575 2016 propositionis
601 1951 675 2014 cap.
697 1927 764 1992 His
789 1951 881 2013 quac,
910 1927 967 2008 ll,
996 1929 1047 1993 Da
1072 1949 1271 1996 uasanlrsrn
1296 1951 1335 1995 ur

205 2063 314 2123 ouen,
342 2041 376 2106 in
401 2065 468 2130 quo
493 2041 725 2106 conceduntur
748 2041 978 2107 cardinalibus
1003 2042 1037 2106 in
1062 2043 1202 2130 capellis
1221 2044 1335 2110 Titulo

205 2180 267 2221 suo
287 2154 462 2244 subjectis
483 2162 556 2221 eta
576 2155 706 2220 fortiori
725 2155 759 2220 in
780 2156 854 2242 ipso
874 2155 1000 2242 Titulo,
1017 2157 1094 2244 jura
1114 2157 1332 2245 episcopalia,

205 2294 265 2335 seu
285 2270 382 2358 quasi
402 2269 624 2358 episcopalia,
646 2293 768 2357 nempe
786 2271 851 2355 jus
874 2271 919 2334 ad
942 2271 1167 2335 obedientiam
1190 2280 1223 2335 et
1248 2296 1336 2337 reue-

205 2385 363 2468 rentiam,
374 2385 438 2470 jus
453 2385 497 2448 ad
511 2383 701 2469 capitutum
715 2383 922 2466 babendum,
933 2385 997 2470 jus
1010 2387 1147 2468 ferendi
1161 2408 1332 2452 censuras.

203 2499 370 2586 Rigorose
390 2497 528 2586 quidem
548 2521 590 2562 ex
609 2497 671 2562 hac
691 2520 852 2562 concessa
876 2503 1046 2584 potestate
1067 2498 1334 2586 jurisdictionali

204 2636 272 2677 non
297 2613 451 2700 sequitur
475 2634 673 2676 concessam
697 2611 802 2676 luisse
827 2612 930 2676 etiam
954 2619 1162 2699 potestatem
1186 2613 1331 2696 ordinis,

203 2751 326 2816 nempe
339 2733 546 2815 potestatem
561 2725 757 2792 conferendi
772 2733 949 2790 tonsuram
965 2733 1000 2790 et
1014 2725 1151 2791 ordines
1167 2728 1330 2810 minores;

202 2849 355 2908 attamen
376 2865 453 2906 cum
473 2841 561 2922 haec,
583 2842 619 2904 in
643 2841 762 2905 eadem
786 2839 987 2905 collectione
1012 2841 1232 2906 decretalium
1252 2841 1334 2907 Gre-

202 2957 290 3044 gorii
313 2957 378 3040 lx,
404 2979 565 3022 concessa
585 2955 687 3020 fuerit
709 2955 812 3020 etiam
836 2953 1032 3036 abbatibus,
1054 2963 1194 3042 propter
1216 2979 1334 3022 eorum
1416 2942 1417 2945 Ἴ

202 3071 423 3159 dignitatem,
446 3094 465 3136 a
489 3069 620 3135 fortiori
644 3069 849 3156 intelligitur
871 3092 1033 3133 concessa
1056 3069 1333 3136 eminentissimis

202 3185 444 3268 cardinalibus,
461 3186 550 3250 inter
568 3183 730 3272 praedicta
745 3183 823 3270 jura
842 3182 1060 3270 episcopalia,
1079 3182 1201 3271 quibus
1216 3208 1333 3249 revera

201 3302 302 3366 valde
323 3301 435 3366 affinis
454 3307 507 3366 est
524 3319 532 3364 ε
552 3298 644 3386 quod
663 3297 767 3362 etiam
781 3297 931 3362 firmavit
951 3297 1077 3383 optima
1092 3297 1208 3384 legum
1226 3298 1333 3362 inter-

201 3439 279 3504 pres
304 3414 527 3481 consuetudo.
548 3451 592 3462 -
612 3413 682 3477 Nec
701 3412 795 3476 dicas
819 3411 1100 3476 consuetudinem
1124 3412 1209 3475 nihil
1232 3436 1332 3500 posse

202 3531 314 3621 quoad
329 3536 537 3619 potestatem
552 3528 697 3610 ordinis,
715 3549 756 3590 ex
773 3549 845 3613 cap.
866 3523 1015 3608 Quanto,
1034 3525 1066 3606 l,
1085 3525 1135 3592 Du
1155 3545 1332 3592 consumu-

201 3667 294 3726 umu3
318 3667 399 3710 nam
417 3641 615 3731 responderi
634 3647 770 3729 potest:
794 3639 825 3704 1.
844 3637 883 3703 ln
901 3645 1019 3702 nostro
1039 3663 1131 3721 casu,
1149 3640 1204 3728 agi
1218 3641 1332 3728 potius

202 3762 244 3828 de
275 3758 523 3826 consuetudine
553 3757 739 3822 secundum
767 3755 848 3840 jus,
883 3776 985 3841 quam
1016 3752 1057 3818 de
1088 3755 1332 3820 consuetudine

202 3885 321 3942 contra
339 3877 403 3961 jus
411 3893 426 3957 ,·
444 3913 488 3922 —
506 3873 539 3937 2.
558 3867 867 3947 Consuetudinem,
888 3867 930 3932 dc
950 3890 1016 3955 qua
1041 3869 1191 3953 agimus,
1213 3869 1247 3932 in
1267 3891 1333 3934 usu

203 3989 307 4055 fuisse
326 3987 362 4052 in
381 3988 456 4076 ipsa
475 3985 566 4054 Urbe
587 3987 706 4066 Roma,
730 3982 858 4048 sciente
877 3987 911 4045 et
931 3980 1068 4047 vidente
1087 3983 1130 4047 R.
1153 3983 1329 4064 Pontifice‚

204 4103 347 4191 ideoque
376 4101 608 4167 introductam
634 4098 757 4178 fuisse,
788 4119 856 4160 non
882 4095 939 4162 via
964 4097 1245 4184 praescriptioniS‚
1272 4097 1332 4162 sed

235 4295 244 4330 ¹
263 4291 389 4352 Biuarri,
406 4307 432 4354 p.
449 4295 503 4340 ²82,
