3248 5052
318 447 369 502 bl8
675 453 717 502 DE
737 451 841 502 sacal
861 453 1087 502 ORDlNATlONE

317 591 499 669 incurrant,
516 615 579 654 non
594 601 697 654 autem
713 593 797 676 quod
815 593 892 654 salso
907 615 1063 654 nonnemo
1078 595 1230 655 asseruit:
1248 595 1442 672 incurrent),

317 690 392 750 dum
412 690 531 750 scilicet
550 691 724 771 superiores
745 691 902 770 regulares
917 692 974 771 qui·
991 691 1123 750 subditis
1143 693 1207 751 suis
1223 713 1283 751 non
1304 692 1343 752 ad
1364 715 1444 773 prae-

317 787 466 866 scriptum
483 787 622 868 ejusdem
638 787 755 848 decreti
770 787 960 848 dimissorias
976 787 1095 847 litteras
1109 789 1300 860 concedunt,
1314 811 1442 848 suorum

317 883 490 944 officiorum
510 905 545 943 ac
565 884 768 964 dignitatum,
791 891 822 943 et
844 885 929 944 vocis
948 885 1059 944 activae
1081 893 1175 966 atque
1199 887 1329 965 passivae
1351 885 1444 945 amis-

317 980 403 1039 sione
420 981 621 1054 mulctantur,
634 981 768 1041 ordinati
784 1002 858 1040 vero
871 981 1084 1060 suspensionis
1097 1001 1222 1060 poenam
1237 989 1332 1062 atque
1348 983 1442 1041 etiam

317 1075 341 1134 si
357 1076 388 1135 in
408 1086 554 1157 suscepto
575 1077 682 1136 ordine
704 1077 965 1148 ministraverint,
982 1077 1240 1156 irregularitatem
1261 1079 1442 1148 incurrunt,

317 1193 352 1232 ac
367 1172 501 1254 denique
520 1175 675 1233 antistites
690 1174 744 1253 qui
760 1174 835 1254 ipsis
855 1191 964 1232 manus
980 1173 1162 1253 imponunt,
1180 1195 1241 1233 non
1257 1165 1347 1233 lacile
1367 1175 1444 1233 ellu-

317 1269 406 1347 giunt
421 1271 586 1330 canonicas
601 1291 708 1350 poenas
723 1270 873 1330 adversus
889 1291 942 1330 eos
957 1270 1149 1350 propositaS,
1167 1271 1219 1350 qui
1235 1271 1353 1330 alienos
1370 1271 1443 1329 sub-

316 1365 398 1425 ditos
413 1365 530 1447 absque
551 1367 778 1426 sufficientibus
798 1366 980 1426 dimissoriis
995 1366 1139 1450 ordinare
1160 1375 1364 1445 praesumunt.
1382 1367 1442 1434 Qui

316 1463 408 1521 etiam
431 1463 614 1544 plerumque
636 1463 727 1542 culpa
753 1485 814 1523 non
839 1471 951 1524 vacant
974 1465 1004 1522 in
1029 1484 1082 1536 ec,
1104 1463 1204 1544 quod,
1226 1485 1296 1522 cuni
1322 1485 1358 1522 ex
1383 1485 1443 1523 usu

315 1579 419 1618 rerum
434 1559 607 1638 intelligere
623 1561 743 1640 possint
756 1561 931 1640 complures
947 1559 1117 1639 llegularcs
1132 1581 1193 1619 non
1209 1561 1268 1618 alia
1283 1559 1321 1618 de
1337 1580 1443 1632 causa,

316 1655 444 1734 proprio
465 1654 623 1715 domicilio
646 1655 766 1728 relict0,
792 1657 851 1715 iter
874 1656 1011 1735 arripere
1034 1677 1127 1736 quam
1153 1663 1188 1715 ut
1211 1677 1242 1714 se
1268 1656 1444 1714 subducant

316 1751 449 1810 examini
471 1752 608 1831 episcopi
624 1752 806 1826 dioecesani,
823 1751 913 1832 cujus
929 1751 987 1811 hac
1006 1752 1036 1810 in
1057 1773 1089 1811 re
1106 1739 1372 1832 jurisdictionem,
1389 1759 1445 1810 aut-

316 1847 445 1906 nimium
472 1847 606 1926 rigorem
634 1847 890 1928 perhorrescunt,
918 1846 1076 1928 aliumque
1108 1847 1284 1919 inveniant,
1313 1847 1366 1928 qui
1392 1846 1443 1905 vel

316 1943 403 2002 nullo
418 1943 467 2001 vel
483 1944 651 2002 admodum
669 1944 729 2002 levi
746 1945 904 2022 praemisso
920 1945 1076 2014 examine,
1095 1943 1220 2003 ordines
1240 1945 1314 2022 ipsis
1330 1944 1443 2023 imper-

316 2039 434 2112 tiatur;
457 2041 581 2121 quoties
606 2041 784 2120 hujusmodi
814 2040 963 2100 facilitate
990 2061 1062 2120 erga
1085 2040 1155 2100 illos
1180 2049 1323 2111 utuntur,
1348 2040 1443 2099 toties

314 2135 464 2196 adversus
486 2137 716 2196 consultissima
736 2137 927 2196 Tridentinae
951 2137 1061 2216 synodi
1083 2136 1207 2196 decreta
1230 2135 1441 2217 delinquunt;

315 2253 350 2291 ea
366 2232 535 2313 siquidem,
553 2255 627 2294 sess.
645 2234 765 2308 XXlll,
787 2255 855 2314 cap.
877 2255 931 2307 xu,
954 2233 999 2292 De
1021 2255 1099 2306 aas,
1117 2233 1161 2292 sic
1181 2233 1291 2292 statuit
1311 2250 1317 2292 :
1338 2233 1442 2315 Requ-

315 2328 397 2388 lares
416 2350 556 2412 quoque,
579 2351 636 2390 nec
656 2329 688 2389 in
709 2329 826 2390 minori
845 2337 949 2405 rotate,
969 2351 1023 2389 nec
1043 2329 1111 2390 sine
1130 2327 1283 2411 diliqeuti
1300 2328 1442 2410 episcopi

314 2425 458 2485 examine
474 2424 673 2504 ordinentur,
686 2425 869 2508 privilegiis
884 2424 1138 2508 quibuscumque
1153 2423 1259 2508 quoad
1278 2425 1334 2484 boc
1346 2424 1442 2506 peni-

314 2528 363 2580 tus
378 2521 526 2584 exclusis.

354 2619 418 2677 Nos
432 2627 549 2690 autem,
567 2627 713 2679 consueta
731 2619 820 2678 Sedis
834 2619 1014 2698 apostolicae
1029 2619 1194 2678 clementia
1215 2619 1258 2678 uti
1280 2619 1438 2688 volenteS,

311 2713 503 2792 abstinemus
518 2715 750 2794 adesignandis
765 2721 819 2775 aut
835 2715 1031 2774 nominandis
1046 2715 1106 2774 hoc
1126 2715 1196 2774 loco
1213 2714 1438 2793 Regularibus,

310 2809 350 2869 de
365 2831 498 2890 quorum
519 2813 696 2871 excessibus
711 2812 743 2870 in
763 2811 822 2871 hoc
841 2832 944 2870 rerum
965 2832 1077 2890 genere
1093 2831 1202 2889 graves
1218 2811 1438 2890 episcoporum

222 2917 223 2922 ’
310 2907 513 2984 querimoniae
528 2908 567 2966 ad
584 2909 647 2966 Nos
663 2908 773 2967 delatae
794 2907 930 2967 luerunt.
949 2907 1159 2988 Quaecumque
1175 2907 1267 2966 etiam
1284 2905 1388 2965 bacin
1403 2927 1439 2971 re

310 3001 485 3062 inordinate
497 3003 534 3064 ad
547 3005 630 3063 hunc
640 3003 722 3062 diem
736 3003 868 3062 admissa
882 3011 965 3075 sunt,
978 3024 994 3062 a
1006 3003 1204 3062 districtioris
1213 3001 1322 3083 judicii
1337 3002 1440 3082 inqui·

310 3099 422 3157 sitione
437 3099 622 3169 liberamus:
640 3100 780 3179 quinimo
796 3120 902 3159 omnes
917 3107 948 3158 et
968 3099 1108 3178 singulos
1127 3099 1158 3157 in
1178 3097 1237 3158 hoc
1253 3098 1440 3176 delinquen·

311 3201 367 3267 tes,
381 3195 445 3254 sive
456 3197 632 3276 superiores
644 3196 812 3275 regulares,
822 3196 888 3255 sive
900 3195 1070 3274 Regulares
1081 3193 1119 3253 ad
1129 3194 1253 3254 ordines
1262 3203 1436 3274 promotos,

310 3291 374 3348 sive
390 3293 544 3350 antistites
560 3292 614 3372 qui
629 3313 682 3351 eos
698 3292 927 3364 ordinaverint,
949 3313 965 3350 a
986 3291 1235 3371 quibuscumque
1255 3290 1438 3356 sententiis,

309 3388 447 3446 censuris
471 3396 502 3447 et
527 3389 627 3468 poenis
652 3388 868 3448 ecclesiasticis
893 3409 970 3468 quas
994 3388 1051 3446 hac
1078 3387 1116 3446 de
1144 3407 1236 3446 causa
1262 3387 1438 3466 respective

308 3483 440 3542 antehac
455 3485 652 3558 incurrerint,
670 3485 846 3566 quibusque
861 3484 1002 3543 innodati
1018 3483 1123 3542 forsan
1139 3484 1284 3558 existant,
1300 3483 1438 3541 auctori·

308 3578 380 3637 tatis
404 3579 525 3639 Nostrae
549 3580 758 3661 plenitudine,
782 3601 818 3639 ac
840 3579 878 3639 de
900 3579 1071 3660 apostolica
1094 3579 1300 3657 benignitate,
1326 3585 1438 3638 tenore

307 3676 520 3753 praesentium,
535 3676 726 3736 absolvimus
742 3684 774 3736 et
788 3676 949 3736 absolutos
963 3697 1031 3734 esse
1046 3675 1163 3735 censeri
1180 3675 1389 3746 decernimus,
1405 3683 1437 3734 et

306 3791 377 3830 cuin
406 3771 516 3830 iisdem
546 3794 640 3853 super
668 3793 864 3854 quacumque
893 3771 1121 3850 irregularitate
1149 3792 1204 3852 per
1230 3790 1283 3830 eos
1309 3770 1434 3841 forsan,

305 3887 398 3927 causa
413 3875 445 3927 et
459 3869 622 3928 occasione
638 3869 817 3949 praemissis,
834 3867 1071 3948 quomodolibet
1085 3875 1256 3940 contracta,
1272 3867 1310 3926 ad
1324 3887 1437 3926 omnes

305 3963 398 4023 etiam
412 3985 518 4024 sacros
531 3973 561 4024 et
573 3966 807 4046 presbyteratus
821 3965 945 4025 ordines
959 3985 1129 4044 eorumque
1142 3964 1325 4024 exercitium
1338 3973 1434 4043 atquo

304 4059 342 4117 ad
363 4061 467 4120 omnia
487 4069 519 4120 et
538 4061 659 4140 singula
680 4083 788 4122 eorum
808 4061 980 4142 respective
997 4060 1183 4138 religionum
1204 4081 1348 4134 munera,
1366 4060 1434 4140 pari

303 4157 500 4216 auctoritatis
516 4156 710 4238 plenitudine
725 4159 951 4238 dispensamus.
970 4157 1016 4216 De
1037 4165 1141 4216 cetero
1156 4165 1260 4216 tamen
1276 4156 1434 4216 infrascri-

302 4257 372 4331 ptas
387 4251 471 4331 leges
487 4253 518 4310 in
534 4261 694 4332 posterum
715 4253 843 4313 omnino
857 4252 1082 4326 observandae,
1101 4259 1187 4312 motu
1203 4253 1331 4333 proprio
1347 4261 1433 4313 etex
